%YAML 1.1
%TAG !u! tag:unity3d.com,2011:
--- !u!1 &5719775774605334433
GameObject:
  m_ObjectHideFlags: 0
  m_CorrespondingSourceObject: {fileID: 0}
  m_PrefabInstance: {fileID: 0}
  m_PrefabAsset: {fileID: 0}
  serializedVersion: 6
  m_Component:
  - component: {fileID: 5813781183719905860}
  - component: {fileID: 1887688369806338802}
  m_Layer: 0
  m_Name: green_ufo_legs_v2
  m_TagString: Untagged
  m_Icon: {fileID: 0}
  m_NavMeshLayer: 0
  m_StaticEditorFlags: 0
  m_IsActive: 1
--- !u!4 &5813781183719905860
Transform:
  m_ObjectHideFlags: 0
  m_CorrespondingSourceObject: {fileID: 0}
  m_PrefabInstance: {fileID: 0}
  m_PrefabAsset: {fileID: 0}
  m_GameObject: {fileID: 5719775774605334433}
  m_LocalRotation: {x: 0, y: 0, z: 0, w: 1}
  m_LocalPosition: {x: 0, y: 0, z: 0}
  m_LocalScale: {x: 0.03, y: 0.03, z: 0.03}
  m_Children:
  - {fileID: 4914311483960735315}
  - {fileID: 577635714044231443}
  m_Father: {fileID: 0}
  m_RootOrder: 0
  m_LocalEulerAnglesHint: {x: 0, y: 0, z: 0}
--- !u!114 &1887688369806338802
MonoBehaviour:
  m_ObjectHideFlags: 0
  m_CorrespondingSourceObject: {fileID: 0}
  m_PrefabInstance: {fileID: 0}
  m_PrefabAsset: {fileID: 0}
  m_GameObject: {fileID: 5719775774605334433}
  m_Enabled: 1
  m_EditorHideFlags: 0
  m_Script: {fileID: 11500000, guid: aae3ef1e6d0732a4b8dcade7f806737e, type: 3}
  m_Name: 
  m_EditorClassIdentifier: 
  armsAnim: 
  weaponsAnim: 
  changeAnim: 0
--- !u!1001 &3566575763590827090
PrefabInstance:
  m_ObjectHideFlags: 0
  serializedVersion: 2
  m_Modification:
    m_TransformParent: {fileID: 5813781183719905860}
    m_Modifications:
    - target: {fileID: 7376502404336225096, guid: 3f98f4efd49e77f44acdcdb76d92ab73,
        type: 3}
      propertyPath: m_Name
      value: green_ufo_legs_b
      objectReference: {fileID: 0}
    - target: {fileID: 8452167448270174721, guid: 3f98f4efd49e77f44acdcdb76d92ab73,
        type: 3}
      propertyPath: m_LocalPosition.x
      value: 0
      objectReference: {fileID: 0}
    - target: {fileID: 8452167448270174721, guid: 3f98f4efd49e77f44acdcdb76d92ab73,
        type: 3}
      propertyPath: m_LocalPosition.y
      value: 0
      objectReference: {fileID: 0}
    - target: {fileID: 8452167448270174721, guid: 3f98f4efd49e77f44acdcdb76d92ab73,
        type: 3}
      propertyPath: m_LocalPosition.z
      value: 0
      objectReference: {fileID: 0}
    - target: {fileID: 8452167448270174721, guid: 3f98f4efd49e77f44acdcdb76d92ab73,
        type: 3}
      propertyPath: m_LocalRotation.x
      value: 0
      objectReference: {fileID: 0}
    - target: {fileID: 8452167448270174721, guid: 3f98f4efd49e77f44acdcdb76d92ab73,
        type: 3}
      propertyPath: m_LocalRotation.y
      value: 0
      objectReference: {fileID: 0}
    - target: {fileID: 8452167448270174721, guid: 3f98f4efd49e77f44acdcdb76d92ab73,
        type: 3}
      propertyPath: m_LocalRotation.z
      value: 0
      objectReference: {fileID: 0}
    - target: {fileID: 8452167448270174721, guid: 3f98f4efd49e77f44acdcdb76d92ab73,
        type: 3}
      propertyPath: m_LocalRotation.w
      value: 1
      objectReference: {fileID: 0}
    - target: {fileID: 8452167448270174721, guid: 3f98f4efd49e77f44acdcdb76d92ab73,
        type: 3}
      propertyPath: m_RootOrder
      value: 0
      objectReference: {fileID: 0}
    - target: {fileID: 8452167448270174721, guid: 3f98f4efd49e77f44acdcdb76d92ab73,
        type: 3}
      propertyPath: m_LocalEulerAnglesHint.x
      value: 0
      objectReference: {fileID: 0}
    - target: {fileID: 8452167448270174721, guid: 3f98f4efd49e77f44acdcdb76d92ab73,
        type: 3}
      propertyPath: m_LocalEulerAnglesHint.y
      value: 0
      objectReference: {fileID: 0}
    - target: {fileID: 8452167448270174721, guid: 3f98f4efd49e77f44acdcdb76d92ab73,
        type: 3}
      propertyPath: m_LocalEulerAnglesHint.z
      value: 0
      objectReference: {fileID: 0}
    - target: {fileID: 4529629092682402405, guid: 3f98f4efd49e77f44acdcdb76d92ab73,
        type: 3}
      propertyPath: m_LocalRotation.x
      value: 0
      objectReference: {fileID: 0}
    - target: {fileID: 4529629092682402405, guid: 3f98f4efd49e77f44acdcdb76d92ab73,
        type: 3}
      propertyPath: m_LocalRotation.y
      value: 0
      objectReference: {fileID: 0}
    - target: {fileID: 4529629092682402405, guid: 3f98f4efd49e77f44acdcdb76d92ab73,
        type: 3}
      propertyPath: m_LocalRotation.z
      value: 0.005044006
      objectReference: {fileID: 0}
    - target: {fileID: 4529629092682402405, guid: 3f98f4efd49e77f44acdcdb76d92ab73,
        type: 3}
      propertyPath: m_LocalRotation.w
      value: 0.9999873
      objectReference: {fileID: 0}
    - target: {fileID: 4529629092682402405, guid: 3f98f4efd49e77f44acdcdb76d92ab73,
        type: 3}
      propertyPath: m_LocalPosition.x
      value: -0.26107234
      objectReference: {fileID: 0}
    - target: {fileID: 4529629092682402405, guid: 3f98f4efd49e77f44acdcdb76d92ab73,
        type: 3}
      propertyPath: m_LocalPosition.y
      value: -1.7377623
      objectReference: {fileID: 0}
    - target: {fileID: 3423774761704761232, guid: 3f98f4efd49e77f44acdcdb76d92ab73,
        type: 3}
      propertyPath: m_Sprite
      value: 
      objectReference: {fileID: 21300000, guid: d2d982fd3f8cf04448d4b2839465a58f,
        type: 3}
    - target: {fileID: 3423774761704761232, guid: 3f98f4efd49e77f44acdcdb76d92ab73,
        type: 3}
      propertyPath: m_Size.x
      value: 6.06
      objectReference: {fileID: 0}
    - target: {fileID: 3423774761704761232, guid: 3f98f4efd49e77f44acdcdb76d92ab73,
        type: 3}
      propertyPath: m_Size.y
      value: 1.86
      objectReference: {fileID: 0}
    - target: {fileID: 3423774761704761232, guid: 3f98f4efd49e77f44acdcdb76d92ab73,
        type: 3}
      propertyPath: m_WasSpriteAssigned
      value: 1
      objectReference: {fileID: 0}
    m_RemovedComponents: []
  m_SourcePrefab: {fileID: 100100000, guid: 3f98f4efd49e77f44acdcdb76d92ab73, type: 3}
--- !u!4 &4914311483960735315 stripped
Transform:
  m_CorrespondingSourceObject: {fileID: 8452167448270174721, guid: 3f98f4efd49e77f44acdcdb76d92ab73,
    type: 3}
  m_PrefabInstance: {fileID: 3566575763590827090}
  m_PrefabAsset: {fileID: 0}
--- !u!1001 &5203376666897345995
PrefabInstance:
  m_ObjectHideFlags: 0
  serializedVersion: 2
  m_Modification:
    m_TransformParent: {fileID: 5813781183719905860}
    m_Modifications:
    - target: {fileID: 8738832523940451823, guid: 55d7bcc726479244096280eb0300701e,
        type: 3}
      propertyPath: m_Name
      value: green_ufo_legs
      objectReference: {fileID: 0}
    - target: {fileID: 4625820367638205144, guid: 55d7bcc726479244096280eb0300701e,
        type: 3}
      propertyPath: m_LocalPosition.x
      value: 0
      objectReference: {fileID: 0}
    - target: {fileID: 4625820367638205144, guid: 55d7bcc726479244096280eb0300701e,
        type: 3}
      propertyPath: m_LocalPosition.y
      value: 0
      objectReference: {fileID: 0}
    - target: {fileID: 4625820367638205144, guid: 55d7bcc726479244096280eb0300701e,
        type: 3}
      propertyPath: m_LocalPosition.z
      value: 0
      objectReference: {fileID: 0}
    - target: {fileID: 4625820367638205144, guid: 55d7bcc726479244096280eb0300701e,
        type: 3}
      propertyPath: m_LocalRotation.x
      value: -0
      objectReference: {fileID: 0}
    - target: {fileID: 4625820367638205144, guid: 55d7bcc726479244096280eb0300701e,
        type: 3}
      propertyPath: m_LocalRotation.y
      value: -0
      objectReference: {fileID: 0}
    - target: {fileID: 4625820367638205144, guid: 55d7bcc726479244096280eb0300701e,
        type: 3}
      propertyPath: m_LocalRotation.z
      value: -0
      objectReference: {fileID: 0}
    - target: {fileID: 4625820367638205144, guid: 55d7bcc726479244096280eb0300701e,
        type: 3}
      propertyPath: m_LocalRotation.w
      value: 1
      objectReference: {fileID: 0}
    - target: {fileID: 4625820367638205144, guid: 55d7bcc726479244096280eb0300701e,
        type: 3}
      propertyPath: m_RootOrder
      value: 1
      objectReference: {fileID: 0}
    - target: {fileID: 4625820367638205144, guid: 55d7bcc726479244096280eb0300701e,
        type: 3}
      propertyPath: m_LocalEulerAnglesHint.x
      value: 0
      objectReference: {fileID: 0}
    - target: {fileID: 4625820367638205144, guid: 55d7bcc726479244096280eb0300701e,
        type: 3}
      propertyPath: m_LocalEulerAnglesHint.y
      value: 0
      objectReference: {fileID: 0}
    - target: {fileID: 4625820367638205144, guid: 55d7bcc726479244096280eb0300701e,
        type: 3}
      propertyPath: m_LocalEulerAnglesHint.z
      value: 0
      objectReference: {fileID: 0}
    - target: {fileID: 4845734642115066375, guid: 55d7bcc726479244096280eb0300701e,
        type: 3}
      propertyPath: m_LocalRotation.x
      value: 0
      objectReference: {fileID: 0}
    - target: {fileID: 4845734642115066375, guid: 55d7bcc726479244096280eb0300701e,
        type: 3}
      propertyPath: m_LocalRotation.y
      value: 0
      objectReference: {fileID: 0}
    - target: {fileID: 4845734642115066375, guid: 55d7bcc726479244096280eb0300701e,
        type: 3}
      propertyPath: m_LocalRotation.z
      value: 0.0071318853
      objectReference: {fileID: 0}
    - target: {fileID: 4845734642115066375, guid: 55d7bcc726479244096280eb0300701e,
        type: 3}
      propertyPath: m_LocalRotation.w
      value: 0.9999746
      objectReference: {fileID: 0}
    - target: {fileID: 4845734642115066375, guid: 55d7bcc726479244096280eb0300701e,
        type: 3}
      propertyPath: m_LocalPosition.x
      value: -0.15854536
      objectReference: {fileID: 0}
    - target: {fileID: 4845734642115066375, guid: 55d7bcc726479244096280eb0300701e,
        type: 3}
      propertyPath: m_LocalPosition.y
      value: -7.51659
      objectReference: {fileID: 0}
    - target: {fileID: 1905013517144182565, guid: 55d7bcc726479244096280eb0300701e,
        type: 3}
      propertyPath: m_LocalRotation.x
      value: 0
      objectReference: {fileID: 0}
    - target: {fileID: 1905013517144182565, guid: 55d7bcc726479244096280eb0300701e,
        type: 3}
      propertyPath: m_LocalRotation.y
      value: 0
      objectReference: {fileID: 0}
    - target: {fileID: 1905013517144182565, guid: 55d7bcc726479244096280eb0300701e,
        type: 3}
      propertyPath: m_LocalRotation.z
      value: 0.0035111043
      objectReference: {fileID: 0}
    - target: {fileID: 1905013517144182565, guid: 55d7bcc726479244096280eb0300701e,
        type: 3}
      propertyPath: m_LocalRotation.w
      value: 0.99999386
      objectReference: {fileID: 0}
    - target: {fileID: 1905013517144182565, guid: 55d7bcc726479244096280eb0300701e,
        type: 3}
      propertyPath: m_LocalPosition.x
      value: -0.15197507
      objectReference: {fileID: 0}
    - target: {fileID: 1905013517144182565, guid: 55d7bcc726479244096280eb0300701e,
        type: 3}
      propertyPath: m_LocalPosition.y
      value: -10.387773
      objectReference: {fileID: 0}
    - target: {fileID: 1183658852818711208, guid: 55d7bcc726479244096280eb0300701e,
        type: 3}
      propertyPath: m_LocalRotation.x
      value: 0
      objectReference: {fileID: 0}
    - target: {fileID: 1183658852818711208, guid: 55d7bcc726479244096280eb0300701e,
        type: 3}
      propertyPath: m_LocalRotation.y
      value: 0
      objectReference: {fileID: 0}
    - target: {fileID: 1183658852818711208, guid: 55d7bcc726479244096280eb0300701e,
        type: 3}
      propertyPath: m_LocalRotation.z
      value: 0.0050413427
      objectReference: {fileID: 0}
    - target: {fileID: 1183658852818711208, guid: 55d7bcc726479244096280eb0300701e,
        type: 3}
      propertyPath: m_LocalRotation.w
      value: 0.9999873
      objectReference: {fileID: 0}
    - target: {fileID: 1183658852818711208, guid: 55d7bcc726479244096280eb0300701e,
        type: 3}
      propertyPath: m_LocalPosition.x
      value: -0.42702392
      objectReference: {fileID: 0}
    - target: {fileID: 1183658852818711208, guid: 55d7bcc726479244096280eb0300701e,
        type: 3}
      propertyPath: m_LocalPosition.y
      value: -3.271832
      objectReference: {fileID: 0}
    - target: {fileID: 2747024108164305286, guid: 55d7bcc726479244096280eb0300701e,
        type: 3}
      propertyPath: m_LocalPosition.x
      value: -0.0000003233552
      objectReference: {fileID: 0}
    - target: {fileID: 8263886956378347237, guid: 55d7bcc726479244096280eb0300701e,
        type: 3}
      propertyPath: m_Sprite
      value: 
      objectReference: {fileID: 21300000, guid: 08cd15293ceec1a4198b2bdf3d3b9099,
        type: 3}
    - target: {fileID: 8263886956378347237, guid: 55d7bcc726479244096280eb0300701e,
        type: 3}
      propertyPath: m_Size.x
      value: 4.86
      objectReference: {fileID: 0}
    - target: {fileID: 8263886956378347237, guid: 55d7bcc726479244096280eb0300701e,
        type: 3}
      propertyPath: m_Size.y
      value: 0.94
      objectReference: {fileID: 0}
    - target: {fileID: 8263886956378347237, guid: 55d7bcc726479244096280eb0300701e,
        type: 3}
      propertyPath: m_WasSpriteAssigned
      value: 1
      objectReference: {fileID: 0}
    - target: {fileID: 169920368926658272, guid: 55d7bcc726479244096280eb0300701e,
        type: 3}
      propertyPath: m_SortingOrder
      value: 2
      objectReference: {fileID: 0}
    - target: {fileID: 169920368926658272, guid: 55d7bcc726479244096280eb0300701e,
        type: 3}
      propertyPath: m_Sprite
      value: 
      objectReference: {fileID: 21300000, guid: b962e7ddf1c9eb94ea44a35438bd9271,
        type: 3}
    - target: {fileID: 169920368926658272, guid: 55d7bcc726479244096280eb0300701e,
        type: 3}
      propertyPath: m_Size.x
      value: 10.85
      objectReference: {fileID: 0}
    - target: {fileID: 169920368926658272, guid: 55d7bcc726479244096280eb0300701e,
        type: 3}
      propertyPath: m_Size.y
      value: 4.98
      objectReference: {fileID: 0}
    - target: {fileID: 169920368926658272, guid: 55d7bcc726479244096280eb0300701e,
        type: 3}
      propertyPath: m_WasSpriteAssigned
      value: 1
      objectReference: {fileID: 0}
    - target: {fileID: 395412040801240687, guid: 55d7bcc726479244096280eb0300701e,
        type: 3}
      propertyPath: m_SortingOrder
      value: 1
      objectReference: {fileID: 0}
    - target: {fileID: 395412040801240687, guid: 55d7bcc726479244096280eb0300701e,
        type: 3}
      propertyPath: m_Sprite
      value: 
      objectReference: {fileID: 21300000, guid: dd04d27a6426f744691f59667a81341a,
        type: 3}
    - target: {fileID: 395412040801240687, guid: 55d7bcc726479244096280eb0300701e,
        type: 3}
      propertyPath: m_Size.x
      value: 7.31
      objectReference: {fileID: 0}
    - target: {fileID: 395412040801240687, guid: 55d7bcc726479244096280eb0300701e,
        type: 3}
      propertyPath: m_Size.y
      value: 1.37
      objectReference: {fileID: 0}
    - target: {fileID: 395412040801240687, guid: 55d7bcc726479244096280eb0300701e,
        type: 3}
      propertyPath: m_WasSpriteAssigned
      value: 1
      objectReference: {fileID: 0}
    m_RemovedComponents: []
  m_SourcePrefab: {fileID: 100100000, guid: 55d7bcc726479244096280eb0300701e, type: 3}
--- !u!4 &577635714044231443 stripped
Transform:
  m_CorrespondingSourceObject: {fileID: 4625820367638205144, guid: 55d7bcc726479244096280eb0300701e,
    type: 3}
  m_PrefabInstance: {fileID: 5203376666897345995}
  m_PrefabAsset: {fileID: 0}
