%YAML 1.1
%TAG !u! tag:unity3d.com,2011:
--- !u!1 &343026598257751248
GameObject:
  m_ObjectHideFlags: 0
  m_CorrespondingSourceObject: {fileID: 0}
  m_PrefabInstance: {fileID: 0}
  m_PrefabAsset: {fileID: 0}
  serializedVersion: 6
  m_Component:
  - component: {fileID: 343026598257751263}
  - component: {fileID: 8173706242035183273}
  m_Layer: 0
  m_Name: BlueTorsoOvni
  m_TagString: Untagged
  m_Icon: {fileID: 0}
  m_NavMeshLayer: 0
  m_StaticEditorFlags: 0
  m_IsActive: 1
--- !u!4 &343026598257751263
Transform:
  m_ObjectHideFlags: 0
  m_CorrespondingSourceObject: {fileID: 0}
  m_PrefabInstance: {fileID: 0}
  m_PrefabAsset: {fileID: 0}
  m_GameObject: {fileID: 343026598257751248}
  m_LocalRotation: {x: 0, y: 0, z: 0, w: 1}
  m_LocalPosition: {x: 0, y: 0, z: 0}
  m_LocalScale: {x: 0.03, y: 0.03, z: 0.03}
  m_Children:
  - {fileID: 1520950958273647035}
  - {fileID: 1663891084412751314}
  - {fileID: 7831612513560185898}
  - {fileID: 639249444537112671}
  - {fileID: 6342586933998279636}
  - {fileID: 6328496545234030618}
  - {fileID: 8528505884795415424}
  - {fileID: 852762223345243531}
  m_Father: {fileID: 0}
  m_RootOrder: 0
  m_LocalEulerAnglesHint: {x: 0, y: 0, z: 0}
--- !u!114 &8173706242035183273
MonoBehaviour:
  m_ObjectHideFlags: 0
  m_CorrespondingSourceObject: {fileID: 0}
  m_PrefabInstance: {fileID: 0}
  m_PrefabAsset: {fileID: 0}
  m_GameObject: {fileID: 343026598257751248}
  m_Enabled: 1
  m_EditorHideFlags: 0
  m_Script: {fileID: 11500000, guid: aae3ef1e6d0732a4b8dcade7f806737e, type: 3}
  m_Name: 
  m_EditorClassIdentifier: 
  armsAnim: 
  weaponsAnim: 
  walkAnim: 
  changeAnim: 0
  attack: 0
  robot:
    numRobotCreated: 0
    attacks: 
    parts: []
    AnimationArm: []
    AnimationWeapon: []
    blockedObjects: []
    headType: 0
    torsoType: 0
    legsType: 0
    weapon: 0
    debilityKnife: 0
    debilitySword: 0
    debilityGun: 0
    debilityShotgun: 0
    debilityMachineGun: 0
    debilitySniper: 0
    debilityLaser: 0
--- !u!1001 &238999952475033429
PrefabInstance:
  m_ObjectHideFlags: 0
  serializedVersion: 2
  m_Modification:
    m_TransformParent: {fileID: 343026598257751263}
    m_Modifications:
    - target: {fileID: 5236325136858757962, guid: 11be3daee82d4844b902e2332aae595e,
        type: 3}
      propertyPath: m_Name
      value: blue_ufo_right_arm
      objectReference: {fileID: 0}
    - target: {fileID: 613764474339433182, guid: 11be3daee82d4844b902e2332aae595e,
        type: 3}
      propertyPath: m_LocalPosition.x
      value: 0
      objectReference: {fileID: 0}
    - target: {fileID: 613764474339433182, guid: 11be3daee82d4844b902e2332aae595e,
        type: 3}
      propertyPath: m_LocalPosition.y
      value: 0
      objectReference: {fileID: 0}
    - target: {fileID: 613764474339433182, guid: 11be3daee82d4844b902e2332aae595e,
        type: 3}
      propertyPath: m_LocalPosition.z
      value: 0
      objectReference: {fileID: 0}
    - target: {fileID: 613764474339433182, guid: 11be3daee82d4844b902e2332aae595e,
        type: 3}
      propertyPath: m_LocalRotation.x
      value: 0
      objectReference: {fileID: 0}
    - target: {fileID: 613764474339433182, guid: 11be3daee82d4844b902e2332aae595e,
        type: 3}
      propertyPath: m_LocalRotation.y
      value: 0
      objectReference: {fileID: 0}
    - target: {fileID: 613764474339433182, guid: 11be3daee82d4844b902e2332aae595e,
        type: 3}
      propertyPath: m_LocalRotation.z
      value: 0
      objectReference: {fileID: 0}
    - target: {fileID: 613764474339433182, guid: 11be3daee82d4844b902e2332aae595e,
        type: 3}
      propertyPath: m_LocalRotation.w
      value: 1
      objectReference: {fileID: 0}
    - target: {fileID: 613764474339433182, guid: 11be3daee82d4844b902e2332aae595e,
        type: 3}
      propertyPath: m_RootOrder
      value: 7
      objectReference: {fileID: 0}
    - target: {fileID: 613764474339433182, guid: 11be3daee82d4844b902e2332aae595e,
        type: 3}
      propertyPath: m_LocalEulerAnglesHint.x
      value: 0
      objectReference: {fileID: 0}
    - target: {fileID: 613764474339433182, guid: 11be3daee82d4844b902e2332aae595e,
        type: 3}
      propertyPath: m_LocalEulerAnglesHint.y
      value: 0
      objectReference: {fileID: 0}
    - target: {fileID: 613764474339433182, guid: 11be3daee82d4844b902e2332aae595e,
        type: 3}
      propertyPath: m_LocalEulerAnglesHint.z
      value: 0
      objectReference: {fileID: 0}
    - target: {fileID: 987691435390903991, guid: 11be3daee82d4844b902e2332aae595e,
        type: 3}
      propertyPath: animController
      value: 
      objectReference: {fileID: 8173706242035183273}
    m_RemovedComponents: []
  m_SourcePrefab: {fileID: 100100000, guid: 11be3daee82d4844b902e2332aae595e, type: 3}
--- !u!4 &852762223345243531 stripped
Transform:
  m_CorrespondingSourceObject: {fileID: 613764474339433182, guid: 11be3daee82d4844b902e2332aae595e,
    type: 3}
  m_PrefabInstance: {fileID: 238999952475033429}
  m_PrefabAsset: {fileID: 0}
--- !u!1001 &259479665086237544
PrefabInstance:
  m_ObjectHideFlags: 0
  serializedVersion: 2
  m_Modification:
    m_TransformParent: {fileID: 343026598257751263}
    m_Modifications:
    - target: {fileID: 2598090288300474393, guid: a54332e3e75b78f498336a6fda33d66d,
        type: 3}
      propertyPath: m_Name
      value: ufo_chest_b
      objectReference: {fileID: 0}
    - target: {fileID: 6073822570695695218, guid: a54332e3e75b78f498336a6fda33d66d,
        type: 3}
      propertyPath: m_LocalPosition.x
      value: 0
      objectReference: {fileID: 0}
    - target: {fileID: 6073822570695695218, guid: a54332e3e75b78f498336a6fda33d66d,
        type: 3}
      propertyPath: m_LocalPosition.y
      value: 0
      objectReference: {fileID: 0}
    - target: {fileID: 6073822570695695218, guid: a54332e3e75b78f498336a6fda33d66d,
        type: 3}
      propertyPath: m_LocalPosition.z
      value: 0
      objectReference: {fileID: 0}
    - target: {fileID: 6073822570695695218, guid: a54332e3e75b78f498336a6fda33d66d,
        type: 3}
      propertyPath: m_LocalRotation.x
      value: 0
      objectReference: {fileID: 0}
    - target: {fileID: 6073822570695695218, guid: a54332e3e75b78f498336a6fda33d66d,
        type: 3}
      propertyPath: m_LocalRotation.y
      value: 0
      objectReference: {fileID: 0}
    - target: {fileID: 6073822570695695218, guid: a54332e3e75b78f498336a6fda33d66d,
        type: 3}
      propertyPath: m_LocalRotation.z
      value: 0
      objectReference: {fileID: 0}
    - target: {fileID: 6073822570695695218, guid: a54332e3e75b78f498336a6fda33d66d,
        type: 3}
      propertyPath: m_LocalRotation.w
      value: 1
      objectReference: {fileID: 0}
    - target: {fileID: 6073822570695695218, guid: a54332e3e75b78f498336a6fda33d66d,
        type: 3}
      propertyPath: m_RootOrder
      value: 5
      objectReference: {fileID: 0}
    - target: {fileID: 6073822570695695218, guid: a54332e3e75b78f498336a6fda33d66d,
        type: 3}
      propertyPath: m_LocalEulerAnglesHint.x
      value: 0
      objectReference: {fileID: 0}
    - target: {fileID: 6073822570695695218, guid: a54332e3e75b78f498336a6fda33d66d,
        type: 3}
      propertyPath: m_LocalEulerAnglesHint.y
      value: 0
      objectReference: {fileID: 0}
    - target: {fileID: 6073822570695695218, guid: a54332e3e75b78f498336a6fda33d66d,
        type: 3}
      propertyPath: m_LocalEulerAnglesHint.z
      value: 0
      objectReference: {fileID: 0}
    - target: {fileID: 5036072076434682482, guid: a54332e3e75b78f498336a6fda33d66d,
        type: 3}
      propertyPath: animController
      value: 
      objectReference: {fileID: 8173706242035183273}
    m_RemovedComponents: []
  m_SourcePrefab: {fileID: 100100000, guid: a54332e3e75b78f498336a6fda33d66d, type: 3}
--- !u!4 &6328496545234030618 stripped
Transform:
  m_CorrespondingSourceObject: {fileID: 6073822570695695218, guid: a54332e3e75b78f498336a6fda33d66d,
    type: 3}
  m_PrefabInstance: {fileID: 259479665086237544}
  m_PrefabAsset: {fileID: 0}
--- !u!1001 &410229968036235099
PrefabInstance:
  m_ObjectHideFlags: 0
  serializedVersion: 2
  m_Modification:
    m_TransformParent: {fileID: 343026598257751263}
    m_Modifications:
    - target: {fileID: 991476352341499002, guid: a00b9170832694e459eef2be19c8a3b3,
        type: 3}
      propertyPath: m_Name
      value: blue_ufo_fist
      objectReference: {fileID: 0}
    - target: {fileID: 7574517933721209713, guid: a00b9170832694e459eef2be19c8a3b3,
        type: 3}
      propertyPath: m_LocalPosition.x
      value: 0
      objectReference: {fileID: 0}
    - target: {fileID: 7574517933721209713, guid: a00b9170832694e459eef2be19c8a3b3,
        type: 3}
      propertyPath: m_LocalPosition.y
      value: 0
      objectReference: {fileID: 0}
    - target: {fileID: 7574517933721209713, guid: a00b9170832694e459eef2be19c8a3b3,
        type: 3}
      propertyPath: m_LocalPosition.z
      value: 0
      objectReference: {fileID: 0}
    - target: {fileID: 7574517933721209713, guid: a00b9170832694e459eef2be19c8a3b3,
        type: 3}
      propertyPath: m_LocalRotation.x
      value: 0
      objectReference: {fileID: 0}
    - target: {fileID: 7574517933721209713, guid: a00b9170832694e459eef2be19c8a3b3,
        type: 3}
      propertyPath: m_LocalRotation.y
      value: 0
      objectReference: {fileID: 0}
    - target: {fileID: 7574517933721209713, guid: a00b9170832694e459eef2be19c8a3b3,
        type: 3}
      propertyPath: m_LocalRotation.z
      value: 0
      objectReference: {fileID: 0}
    - target: {fileID: 7574517933721209713, guid: a00b9170832694e459eef2be19c8a3b3,
        type: 3}
      propertyPath: m_LocalRotation.w
      value: 1
      objectReference: {fileID: 0}
    - target: {fileID: 7574517933721209713, guid: a00b9170832694e459eef2be19c8a3b3,
        type: 3}
      propertyPath: m_RootOrder
      value: 2
      objectReference: {fileID: 0}
    - target: {fileID: 7574517933721209713, guid: a00b9170832694e459eef2be19c8a3b3,
        type: 3}
      propertyPath: m_LocalEulerAnglesHint.x
      value: 0
      objectReference: {fileID: 0}
    - target: {fileID: 7574517933721209713, guid: a00b9170832694e459eef2be19c8a3b3,
        type: 3}
      propertyPath: m_LocalEulerAnglesHint.y
      value: 0
      objectReference: {fileID: 0}
    - target: {fileID: 7574517933721209713, guid: a00b9170832694e459eef2be19c8a3b3,
        type: 3}
      propertyPath: m_LocalEulerAnglesHint.z
      value: 0
      objectReference: {fileID: 0}
    - target: {fileID: 9108636358496092985, guid: a00b9170832694e459eef2be19c8a3b3,
        type: 3}
      propertyPath: animController
      value: 
      objectReference: {fileID: 8173706242035183273}
    m_RemovedComponents: []
  m_SourcePrefab: {fileID: 100100000, guid: a00b9170832694e459eef2be19c8a3b3, type: 3}
--- !u!4 &7831612513560185898 stripped
Transform:
  m_CorrespondingSourceObject: {fileID: 7574517933721209713, guid: a00b9170832694e459eef2be19c8a3b3,
    type: 3}
  m_PrefabInstance: {fileID: 410229968036235099}
  m_PrefabAsset: {fileID: 0}
--- !u!1001 &4062813655049436257
PrefabInstance:
  m_ObjectHideFlags: 0
  serializedVersion: 2
  m_Modification:
    m_TransformParent: {fileID: 343026598257751263}
    m_Modifications:
    - target: {fileID: 1555536707406532935, guid: f3d62be5c8f5f4741a19b10af8a3fc00,
        type: 3}
      propertyPath: m_Name
      value: blue_ufo_chest
      objectReference: {fileID: 0}
    - target: {fileID: 3419735555419632051, guid: f3d62be5c8f5f4741a19b10af8a3fc00,
        type: 3}
      propertyPath: m_LocalPosition.x
      value: 0
      objectReference: {fileID: 0}
    - target: {fileID: 3419735555419632051, guid: f3d62be5c8f5f4741a19b10af8a3fc00,
        type: 3}
      propertyPath: m_LocalPosition.y
      value: 0
      objectReference: {fileID: 0}
    - target: {fileID: 3419735555419632051, guid: f3d62be5c8f5f4741a19b10af8a3fc00,
        type: 3}
      propertyPath: m_LocalPosition.z
      value: 0
      objectReference: {fileID: 0}
    - target: {fileID: 3419735555419632051, guid: f3d62be5c8f5f4741a19b10af8a3fc00,
        type: 3}
      propertyPath: m_LocalRotation.x
      value: 0
      objectReference: {fileID: 0}
    - target: {fileID: 3419735555419632051, guid: f3d62be5c8f5f4741a19b10af8a3fc00,
        type: 3}
      propertyPath: m_LocalRotation.y
      value: 0
      objectReference: {fileID: 0}
    - target: {fileID: 3419735555419632051, guid: f3d62be5c8f5f4741a19b10af8a3fc00,
        type: 3}
      propertyPath: m_LocalRotation.z
      value: 0
      objectReference: {fileID: 0}
    - target: {fileID: 3419735555419632051, guid: f3d62be5c8f5f4741a19b10af8a3fc00,
        type: 3}
      propertyPath: m_LocalRotation.w
      value: 1
      objectReference: {fileID: 0}
    - target: {fileID: 3419735555419632051, guid: f3d62be5c8f5f4741a19b10af8a3fc00,
        type: 3}
      propertyPath: m_RootOrder
      value: 1
      objectReference: {fileID: 0}
    - target: {fileID: 3419735555419632051, guid: f3d62be5c8f5f4741a19b10af8a3fc00,
        type: 3}
      propertyPath: m_LocalEulerAnglesHint.x
      value: 0
      objectReference: {fileID: 0}
    - target: {fileID: 3419735555419632051, guid: f3d62be5c8f5f4741a19b10af8a3fc00,
        type: 3}
      propertyPath: m_LocalEulerAnglesHint.y
      value: 0
      objectReference: {fileID: 0}
    - target: {fileID: 3419735555419632051, guid: f3d62be5c8f5f4741a19b10af8a3fc00,
        type: 3}
      propertyPath: m_LocalEulerAnglesHint.z
      value: 0
      objectReference: {fileID: 0}
    - target: {fileID: 6358145094969331503, guid: f3d62be5c8f5f4741a19b10af8a3fc00,
        type: 3}
      propertyPath: animController
      value: 
      objectReference: {fileID: 8173706242035183273}
    m_RemovedComponents: []
  m_SourcePrefab: {fileID: 100100000, guid: f3d62be5c8f5f4741a19b10af8a3fc00, type: 3}
--- !u!4 &1663891084412751314 stripped
Transform:
  m_CorrespondingSourceObject: {fileID: 3419735555419632051, guid: f3d62be5c8f5f4741a19b10af8a3fc00,
    type: 3}
  m_PrefabInstance: {fileID: 4062813655049436257}
  m_PrefabAsset: {fileID: 0}
--- !u!1001 &4584922923704273116
PrefabInstance:
  m_ObjectHideFlags: 0
  serializedVersion: 2
  m_Modification:
    m_TransformParent: {fileID: 343026598257751263}
    m_Modifications:
    - target: {fileID: 3489257373269855789, guid: c69db5071c8d7c0428b7d649e589a8c8,
        type: 3}
      propertyPath: m_Name
      value: ufo_weapons
      objectReference: {fileID: 0}
    - target: {fileID: 5331063430969254748, guid: c69db5071c8d7c0428b7d649e589a8c8,
        type: 3}
      propertyPath: m_LocalPosition.x
      value: 0
      objectReference: {fileID: 0}
    - target: {fileID: 5331063430969254748, guid: c69db5071c8d7c0428b7d649e589a8c8,
        type: 3}
      propertyPath: m_LocalPosition.y
      value: 0
      objectReference: {fileID: 0}
    - target: {fileID: 5331063430969254748, guid: c69db5071c8d7c0428b7d649e589a8c8,
        type: 3}
      propertyPath: m_LocalPosition.z
      value: 0
      objectReference: {fileID: 0}
    - target: {fileID: 5331063430969254748, guid: c69db5071c8d7c0428b7d649e589a8c8,
        type: 3}
      propertyPath: m_LocalRotation.x
      value: 0
      objectReference: {fileID: 0}
    - target: {fileID: 5331063430969254748, guid: c69db5071c8d7c0428b7d649e589a8c8,
        type: 3}
      propertyPath: m_LocalRotation.y
      value: 0
      objectReference: {fileID: 0}
    - target: {fileID: 5331063430969254748, guid: c69db5071c8d7c0428b7d649e589a8c8,
        type: 3}
      propertyPath: m_LocalRotation.z
      value: 0
      objectReference: {fileID: 0}
    - target: {fileID: 5331063430969254748, guid: c69db5071c8d7c0428b7d649e589a8c8,
        type: 3}
      propertyPath: m_LocalRotation.w
      value: 1
      objectReference: {fileID: 0}
    - target: {fileID: 5331063430969254748, guid: c69db5071c8d7c0428b7d649e589a8c8,
        type: 3}
      propertyPath: m_RootOrder
      value: 6
      objectReference: {fileID: 0}
    - target: {fileID: 5331063430969254748, guid: c69db5071c8d7c0428b7d649e589a8c8,
        type: 3}
      propertyPath: m_LocalEulerAnglesHint.x
      value: 0
      objectReference: {fileID: 0}
    - target: {fileID: 5331063430969254748, guid: c69db5071c8d7c0428b7d649e589a8c8,
        type: 3}
      propertyPath: m_LocalEulerAnglesHint.y
      value: 0
      objectReference: {fileID: 0}
    - target: {fileID: 5331063430969254748, guid: c69db5071c8d7c0428b7d649e589a8c8,
        type: 3}
      propertyPath: m_LocalEulerAnglesHint.z
      value: 0
      objectReference: {fileID: 0}
    - target: {fileID: 3452340541778957912, guid: c69db5071c8d7c0428b7d649e589a8c8,
        type: 3}
      propertyPath: animController
      value: 
      objectReference: {fileID: 8173706242035183273}
    m_RemovedComponents: []
  m_SourcePrefab: {fileID: 100100000, guid: c69db5071c8d7c0428b7d649e589a8c8, type: 3}
--- !u!4 &8528505884795415424 stripped
Transform:
  m_CorrespondingSourceObject: {fileID: 5331063430969254748, guid: c69db5071c8d7c0428b7d649e589a8c8,
    type: 3}
  m_PrefabInstance: {fileID: 4584922923704273116}
  m_PrefabAsset: {fileID: 0}
--- !u!1001 &5112574514264649537
PrefabInstance:
  m_ObjectHideFlags: 0
  serializedVersion: 2
  m_Modification:
    m_TransformParent: {fileID: 343026598257751263}
    m_Modifications:
    - target: {fileID: 8141386204202343673, guid: 5a9a20a8f6411584885875b25331fc98,
        type: 3}
      propertyPath: m_Name
      value: Explosions
      objectReference: {fileID: 0}
    - target: {fileID: 6046086590546411258, guid: 5a9a20a8f6411584885875b25331fc98,
        type: 3}
      propertyPath: m_LocalPosition.x
      value: 0
      objectReference: {fileID: 0}
    - target: {fileID: 6046086590546411258, guid: 5a9a20a8f6411584885875b25331fc98,
        type: 3}
      propertyPath: m_LocalPosition.y
      value: 0
      objectReference: {fileID: 0}
    - target: {fileID: 6046086590546411258, guid: 5a9a20a8f6411584885875b25331fc98,
        type: 3}
      propertyPath: m_LocalPosition.z
      value: 0
      objectReference: {fileID: 0}
    - target: {fileID: 6046086590546411258, guid: 5a9a20a8f6411584885875b25331fc98,
        type: 3}
      propertyPath: m_LocalRotation.x
      value: 0
      objectReference: {fileID: 0}
    - target: {fileID: 6046086590546411258, guid: 5a9a20a8f6411584885875b25331fc98,
        type: 3}
      propertyPath: m_LocalRotation.y
      value: 0
      objectReference: {fileID: 0}
    - target: {fileID: 6046086590546411258, guid: 5a9a20a8f6411584885875b25331fc98,
        type: 3}
      propertyPath: m_LocalRotation.z
      value: 0
      objectReference: {fileID: 0}
    - target: {fileID: 6046086590546411258, guid: 5a9a20a8f6411584885875b25331fc98,
        type: 3}
      propertyPath: m_LocalRotation.w
      value: 1
      objectReference: {fileID: 0}
    - target: {fileID: 6046086590546411258, guid: 5a9a20a8f6411584885875b25331fc98,
        type: 3}
      propertyPath: m_RootOrder
      value: 0
      objectReference: {fileID: 0}
    - target: {fileID: 6046086590546411258, guid: 5a9a20a8f6411584885875b25331fc98,
        type: 3}
      propertyPath: m_LocalEulerAnglesHint.x
      value: 0
      objectReference: {fileID: 0}
    - target: {fileID: 6046086590546411258, guid: 5a9a20a8f6411584885875b25331fc98,
        type: 3}
      propertyPath: m_LocalEulerAnglesHint.y
      value: 0
      objectReference: {fileID: 0}
    - target: {fileID: 6046086590546411258, guid: 5a9a20a8f6411584885875b25331fc98,
        type: 3}
      propertyPath: m_LocalEulerAnglesHint.z
      value: 0
      objectReference: {fileID: 0}
    m_RemovedComponents: []
  m_SourcePrefab: {fileID: 100100000, guid: 5a9a20a8f6411584885875b25331fc98, type: 3}
--- !u!4 &1520950958273647035 stripped
Transform:
  m_CorrespondingSourceObject: {fileID: 6046086590546411258, guid: 5a9a20a8f6411584885875b25331fc98,
    type: 3}
  m_PrefabInstance: {fileID: 5112574514264649537}
  m_PrefabAsset: {fileID: 0}
--- !u!1001 &6153957655724407423
PrefabInstance:
  m_ObjectHideFlags: 0
  serializedVersion: 2
  m_Modification:
    m_TransformParent: {fileID: 343026598257751263}
    m_Modifications:
    - target: {fileID: 7231915963543743739, guid: e0f800ee2683fea4687f4fca2783942a,
        type: 3}
      propertyPath: m_Name
      value: blue_ufo_neck_torso
      objectReference: {fileID: 0}
    - target: {fileID: 964433137968865707, guid: e0f800ee2683fea4687f4fca2783942a,
        type: 3}
      propertyPath: m_LocalPosition.x
      value: 0
      objectReference: {fileID: 0}
    - target: {fileID: 964433137968865707, guid: e0f800ee2683fea4687f4fca2783942a,
        type: 3}
      propertyPath: m_LocalPosition.y
      value: 0
      objectReference: {fileID: 0}
    - target: {fileID: 964433137968865707, guid: e0f800ee2683fea4687f4fca2783942a,
        type: 3}
      propertyPath: m_LocalPosition.z
      value: 0
      objectReference: {fileID: 0}
    - target: {fileID: 964433137968865707, guid: e0f800ee2683fea4687f4fca2783942a,
        type: 3}
      propertyPath: m_LocalRotation.x
      value: 0
      objectReference: {fileID: 0}
    - target: {fileID: 964433137968865707, guid: e0f800ee2683fea4687f4fca2783942a,
        type: 3}
      propertyPath: m_LocalRotation.y
      value: 0
      objectReference: {fileID: 0}
    - target: {fileID: 964433137968865707, guid: e0f800ee2683fea4687f4fca2783942a,
        type: 3}
      propertyPath: m_LocalRotation.z
      value: 0
      objectReference: {fileID: 0}
    - target: {fileID: 964433137968865707, guid: e0f800ee2683fea4687f4fca2783942a,
        type: 3}
      propertyPath: m_LocalRotation.w
      value: 1
      objectReference: {fileID: 0}
    - target: {fileID: 964433137968865707, guid: e0f800ee2683fea4687f4fca2783942a,
        type: 3}
      propertyPath: m_RootOrder
      value: 4
      objectReference: {fileID: 0}
    - target: {fileID: 964433137968865707, guid: e0f800ee2683fea4687f4fca2783942a,
        type: 3}
      propertyPath: m_LocalEulerAnglesHint.x
      value: 0
      objectReference: {fileID: 0}
    - target: {fileID: 964433137968865707, guid: e0f800ee2683fea4687f4fca2783942a,
        type: 3}
      propertyPath: m_LocalEulerAnglesHint.y
      value: 0
      objectReference: {fileID: 0}
    - target: {fileID: 964433137968865707, guid: e0f800ee2683fea4687f4fca2783942a,
        type: 3}
      propertyPath: m_LocalEulerAnglesHint.z
      value: 0
      objectReference: {fileID: 0}
    - target: {fileID: 4974844546690738479, guid: e0f800ee2683fea4687f4fca2783942a,
        type: 3}
      propertyPath: animController
      value: 
      objectReference: {fileID: 8173706242035183273}
    m_RemovedComponents: []
  m_SourcePrefab: {fileID: 100100000, guid: e0f800ee2683fea4687f4fca2783942a, type: 3}
--- !u!4 &6342586933998279636 stripped
Transform:
  m_CorrespondingSourceObject: {fileID: 964433137968865707, guid: e0f800ee2683fea4687f4fca2783942a,
    type: 3}
  m_PrefabInstance: {fileID: 6153957655724407423}
  m_PrefabAsset: {fileID: 0}
--- !u!1001 &6270409500144418907
PrefabInstance:
  m_ObjectHideFlags: 0
  serializedVersion: 2
  m_Modification:
    m_TransformParent: {fileID: 343026598257751263}
    m_Modifications:
    - target: {fileID: 8072513709356049068, guid: 67ce66bc578bd044aac712847df990cb,
        type: 3}
      propertyPath: m_Name
      value: blue_ufo_left_arm
      objectReference: {fileID: 0}
    - target: {fileID: 6907371517040384004, guid: 67ce66bc578bd044aac712847df990cb,
        type: 3}
      propertyPath: m_LocalPosition.x
      value: 0
      objectReference: {fileID: 0}
    - target: {fileID: 6907371517040384004, guid: 67ce66bc578bd044aac712847df990cb,
        type: 3}
      propertyPath: m_LocalPosition.y
      value: 0
      objectReference: {fileID: 0}
    - target: {fileID: 6907371517040384004, guid: 67ce66bc578bd044aac712847df990cb,
        type: 3}
      propertyPath: m_LocalPosition.z
      value: 0
      objectReference: {fileID: 0}
    - target: {fileID: 6907371517040384004, guid: 67ce66bc578bd044aac712847df990cb,
        type: 3}
      propertyPath: m_LocalRotation.x
      value: 0
      objectReference: {fileID: 0}
    - target: {fileID: 6907371517040384004, guid: 67ce66bc578bd044aac712847df990cb,
        type: 3}
      propertyPath: m_LocalRotation.y
      value: 0
      objectReference: {fileID: 0}
    - target: {fileID: 6907371517040384004, guid: 67ce66bc578bd044aac712847df990cb,
        type: 3}
      propertyPath: m_LocalRotation.z
      value: 0
      objectReference: {fileID: 0}
    - target: {fileID: 6907371517040384004, guid: 67ce66bc578bd044aac712847df990cb,
        type: 3}
      propertyPath: m_LocalRotation.w
      value: 1
      objectReference: {fileID: 0}
    - target: {fileID: 6907371517040384004, guid: 67ce66bc578bd044aac712847df990cb,
        type: 3}
      propertyPath: m_RootOrder
      value: 3
      objectReference: {fileID: 0}
    - target: {fileID: 6907371517040384004, guid: 67ce66bc578bd044aac712847df990cb,
        type: 3}
      propertyPath: m_LocalEulerAnglesHint.x
      value: 0
      objectReference: {fileID: 0}
    - target: {fileID: 6907371517040384004, guid: 67ce66bc578bd044aac712847df990cb,
        type: 3}
      propertyPath: m_LocalEulerAnglesHint.y
      value: 0
      objectReference: {fileID: 0}
    - target: {fileID: 6907371517040384004, guid: 67ce66bc578bd044aac712847df990cb,
        type: 3}
      propertyPath: m_LocalEulerAnglesHint.z
      value: 0
      objectReference: {fileID: 0}
    - target: {fileID: 1061072874406548817, guid: 67ce66bc578bd044aac712847df990cb,
        type: 3}
      propertyPath: animController
      value: 
      objectReference: {fileID: 8173706242035183273}
    m_RemovedComponents: []
  m_SourcePrefab: {fileID: 100100000, guid: 67ce66bc578bd044aac712847df990cb, type: 3}
--- !u!4 &639249444537112671 stripped
Transform:
  m_CorrespondingSourceObject: {fileID: 6907371517040384004, guid: 67ce66bc578bd044aac712847df990cb,
    type: 3}
  m_PrefabInstance: {fileID: 6270409500144418907}
  m_PrefabAsset: {fileID: 0}
