%YAML 1.1
%TAG !u! tag:unity3d.com,2011:
--- !u!1 &6786757749328149571
GameObject:
  m_ObjectHideFlags: 0
  m_CorrespondingSourceObject: {fileID: 0}
  m_PrefabInstance: {fileID: 0}
  m_PrefabAsset: {fileID: 0}
  serializedVersion: 6
  m_Component:
  - component: {fileID: 3881245773028730333}
  - component: {fileID: 7861531944198992389}
  m_Layer: 0
  m_Name: AeroBlueTorso
  m_TagString: Untagged
  m_Icon: {fileID: 0}
  m_NavMeshLayer: 0
  m_StaticEditorFlags: 0
  m_IsActive: 1
--- !u!4 &3881245773028730333
Transform:
  m_ObjectHideFlags: 0
  m_CorrespondingSourceObject: {fileID: 0}
  m_PrefabInstance: {fileID: 0}
  m_PrefabAsset: {fileID: 0}
  m_GameObject: {fileID: 6786757749328149571}
  m_LocalRotation: {x: 0, y: 0, z: 0, w: 1}
  m_LocalPosition: {x: 0, y: 0, z: 0}
  m_LocalScale: {x: 0.03, y: 0.03, z: 0.03}
  m_Children:
  - {fileID: 1145324857001423446}
  - {fileID: 1654857992556573667}
  - {fileID: 6940685191782009014}
  - {fileID: 8457706162696548569}
  - {fileID: 6667580436474560723}
  - {fileID: 7905854692162641835}
  - {fileID: 8855675208573397397}
  - {fileID: 8860732221197971961}
  m_Father: {fileID: 0}
  m_RootOrder: 0
  m_LocalEulerAnglesHint: {x: 0, y: 0, z: 0}
--- !u!114 &7861531944198992389
MonoBehaviour:
  m_ObjectHideFlags: 0
  m_CorrespondingSourceObject: {fileID: 0}
  m_PrefabInstance: {fileID: 0}
  m_PrefabAsset: {fileID: 0}
  m_GameObject: {fileID: 6786757749328149571}
  m_Enabled: 1
  m_EditorHideFlags: 0
  m_Script: {fileID: 11500000, guid: aae3ef1e6d0732a4b8dcade7f806737e, type: 3}
  m_Name: 
  m_EditorClassIdentifier: 
  armsAnim: 
  weaponsAnim: 
  walkAnim: 
  changeAnim: 0
  attack: 0
  robot:
    numRobotCreated: 0
    attacks: 
    parts: []
    AnimationArm: []
    AnimationWeapon: []
    blockedObjects: []
    headType: 0
    torsoType: 0
    legsType: 0
    weapon: 0
    debilityKnife: 0
    debilitySword: 0
    debilityGun: 0
    debilityShotgun: 0
    debilityMachineGun: 0
    debilitySniper: 0
    debilityLaser: 0
--- !u!1001 &1425040429165253991
PrefabInstance:
  m_ObjectHideFlags: 0
  serializedVersion: 2
  m_Modification:
    m_TransformParent: {fileID: 3881245773028730333}
    m_Modifications:
    - target: {fileID: 2897139371628814486, guid: 148210a5708aac5409961381a3700082,
        type: 3}
      propertyPath: m_Name
      value: blue_aero_chest
      objectReference: {fileID: 0}
    - target: {fileID: 8328429842098560465, guid: 148210a5708aac5409961381a3700082,
        type: 3}
      propertyPath: m_LocalPosition.x
      value: 0
      objectReference: {fileID: 0}
    - target: {fileID: 8328429842098560465, guid: 148210a5708aac5409961381a3700082,
        type: 3}
      propertyPath: m_LocalPosition.y
      value: 0
      objectReference: {fileID: 0}
    - target: {fileID: 8328429842098560465, guid: 148210a5708aac5409961381a3700082,
        type: 3}
      propertyPath: m_LocalPosition.z
      value: 0
      objectReference: {fileID: 0}
    - target: {fileID: 8328429842098560465, guid: 148210a5708aac5409961381a3700082,
        type: 3}
      propertyPath: m_LocalRotation.x
      value: 0
      objectReference: {fileID: 0}
    - target: {fileID: 8328429842098560465, guid: 148210a5708aac5409961381a3700082,
        type: 3}
      propertyPath: m_LocalRotation.y
      value: 0
      objectReference: {fileID: 0}
    - target: {fileID: 8328429842098560465, guid: 148210a5708aac5409961381a3700082,
        type: 3}
      propertyPath: m_LocalRotation.z
      value: 0
      objectReference: {fileID: 0}
    - target: {fileID: 8328429842098560465, guid: 148210a5708aac5409961381a3700082,
        type: 3}
      propertyPath: m_LocalRotation.w
      value: 1
      objectReference: {fileID: 0}
    - target: {fileID: 8328429842098560465, guid: 148210a5708aac5409961381a3700082,
        type: 3}
      propertyPath: m_RootOrder
      value: 2
      objectReference: {fileID: 0}
    - target: {fileID: 8328429842098560465, guid: 148210a5708aac5409961381a3700082,
        type: 3}
      propertyPath: m_LocalEulerAnglesHint.x
      value: 0
      objectReference: {fileID: 0}
    - target: {fileID: 8328429842098560465, guid: 148210a5708aac5409961381a3700082,
        type: 3}
      propertyPath: m_LocalEulerAnglesHint.y
      value: 0
      objectReference: {fileID: 0}
    - target: {fileID: 8328429842098560465, guid: 148210a5708aac5409961381a3700082,
        type: 3}
      propertyPath: m_LocalEulerAnglesHint.z
      value: 0
      objectReference: {fileID: 0}
    - target: {fileID: 5661696175507805368, guid: 148210a5708aac5409961381a3700082,
        type: 3}
      propertyPath: SortingLayer
      value: Chest
      objectReference: {fileID: 0}
    - target: {fileID: 5661696175507805368, guid: 148210a5708aac5409961381a3700082,
        type: 3}
      propertyPath: animController
      value: 
      objectReference: {fileID: 7861531944198992389}
    - target: {fileID: 7897437853469032306, guid: 148210a5708aac5409961381a3700082,
        type: 3}
      propertyPath: m_LocalRotation.x
      value: 0
      objectReference: {fileID: 0}
    - target: {fileID: 7897437853469032306, guid: 148210a5708aac5409961381a3700082,
        type: 3}
      propertyPath: m_LocalRotation.y
      value: 0
      objectReference: {fileID: 0}
    - target: {fileID: 7897437853469032306, guid: 148210a5708aac5409961381a3700082,
        type: 3}
      propertyPath: m_LocalRotation.z
      value: 0.055168122
      objectReference: {fileID: 0}
    - target: {fileID: 7897437853469032306, guid: 148210a5708aac5409961381a3700082,
        type: 3}
      propertyPath: m_LocalRotation.w
      value: 0.9984771
      objectReference: {fileID: 0}
    - target: {fileID: 7897437853469032306, guid: 148210a5708aac5409961381a3700082,
        type: 3}
      propertyPath: m_LocalPosition.x
      value: -0.5217752
      objectReference: {fileID: 0}
    - target: {fileID: 7897437853469032306, guid: 148210a5708aac5409961381a3700082,
        type: 3}
      propertyPath: m_LocalPosition.y
      value: 2.288976
      objectReference: {fileID: 0}
    - target: {fileID: 4478796987553320888, guid: 148210a5708aac5409961381a3700082,
        type: 3}
      propertyPath: m_LocalPosition.x
      value: -0.38937944
      objectReference: {fileID: 0}
    - target: {fileID: 4478796987553320888, guid: 148210a5708aac5409961381a3700082,
        type: 3}
      propertyPath: m_LocalPosition.y
      value: 0.099968016
      objectReference: {fileID: 0}
    - target: {fileID: 5132118032939109245, guid: 148210a5708aac5409961381a3700082,
        type: 3}
      propertyPath: m_Sprite
      value: 
      objectReference: {fileID: 21300000, guid: 5db60008a15dab64899419f1c86ecede,
        type: 3}
    - target: {fileID: 5132118032939109245, guid: 148210a5708aac5409961381a3700082,
        type: 3}
      propertyPath: m_Size.x
      value: 8.44
      objectReference: {fileID: 0}
    - target: {fileID: 5132118032939109245, guid: 148210a5708aac5409961381a3700082,
        type: 3}
      propertyPath: m_Size.y
      value: 7.04
      objectReference: {fileID: 0}
    - target: {fileID: 5132118032939109245, guid: 148210a5708aac5409961381a3700082,
        type: 3}
      propertyPath: m_WasSpriteAssigned
      value: 1
      objectReference: {fileID: 0}
    m_RemovedComponents: []
  m_SourcePrefab: {fileID: 100100000, guid: 148210a5708aac5409961381a3700082, type: 3}
--- !u!4 &6940685191782009014 stripped
Transform:
  m_CorrespondingSourceObject: {fileID: 8328429842098560465, guid: 148210a5708aac5409961381a3700082,
    type: 3}
  m_PrefabInstance: {fileID: 1425040429165253991}
  m_PrefabAsset: {fileID: 0}
--- !u!1001 &2103329285705710314
PrefabInstance:
  m_ObjectHideFlags: 0
  serializedVersion: 2
  m_Modification:
    m_TransformParent: {fileID: 3881245773028730333}
    m_Modifications:
    - target: {fileID: 8219774420149569599, guid: ed2fef0623eb53a478654adf45f2b48d,
        type: 3}
      propertyPath: m_Name
      value: blue_aero_torso_neck
      objectReference: {fileID: 0}
    - target: {fileID: 7481934157412176767, guid: ed2fef0623eb53a478654adf45f2b48d,
        type: 3}
      propertyPath: m_LocalPosition.x
      value: 0
      objectReference: {fileID: 0}
    - target: {fileID: 7481934157412176767, guid: ed2fef0623eb53a478654adf45f2b48d,
        type: 3}
      propertyPath: m_LocalPosition.y
      value: 0
      objectReference: {fileID: 0}
    - target: {fileID: 7481934157412176767, guid: ed2fef0623eb53a478654adf45f2b48d,
        type: 3}
      propertyPath: m_LocalPosition.z
      value: 0
      objectReference: {fileID: 0}
    - target: {fileID: 7481934157412176767, guid: ed2fef0623eb53a478654adf45f2b48d,
        type: 3}
      propertyPath: m_LocalRotation.x
      value: 0
      objectReference: {fileID: 0}
    - target: {fileID: 7481934157412176767, guid: ed2fef0623eb53a478654adf45f2b48d,
        type: 3}
      propertyPath: m_LocalRotation.y
      value: 0
      objectReference: {fileID: 0}
    - target: {fileID: 7481934157412176767, guid: ed2fef0623eb53a478654adf45f2b48d,
        type: 3}
      propertyPath: m_LocalRotation.z
      value: 0
      objectReference: {fileID: 0}
    - target: {fileID: 7481934157412176767, guid: ed2fef0623eb53a478654adf45f2b48d,
        type: 3}
      propertyPath: m_LocalRotation.w
      value: 1
      objectReference: {fileID: 0}
    - target: {fileID: 7481934157412176767, guid: ed2fef0623eb53a478654adf45f2b48d,
        type: 3}
      propertyPath: m_RootOrder
      value: 6
      objectReference: {fileID: 0}
    - target: {fileID: 7481934157412176767, guid: ed2fef0623eb53a478654adf45f2b48d,
        type: 3}
      propertyPath: m_LocalEulerAnglesHint.x
      value: 0
      objectReference: {fileID: 0}
    - target: {fileID: 7481934157412176767, guid: ed2fef0623eb53a478654adf45f2b48d,
        type: 3}
      propertyPath: m_LocalEulerAnglesHint.y
      value: 0
      objectReference: {fileID: 0}
    - target: {fileID: 7481934157412176767, guid: ed2fef0623eb53a478654adf45f2b48d,
        type: 3}
      propertyPath: m_LocalEulerAnglesHint.z
      value: 0
      objectReference: {fileID: 0}
    - target: {fileID: 4869761581417512038, guid: ed2fef0623eb53a478654adf45f2b48d,
        type: 3}
      propertyPath: SortingLayer
      value: TorsoNeck
      objectReference: {fileID: 0}
    - target: {fileID: 4869761581417512038, guid: ed2fef0623eb53a478654adf45f2b48d,
        type: 3}
      propertyPath: animController
      value: 
      objectReference: {fileID: 7861531944198992389}
    - target: {fileID: 2044313628774717187, guid: ed2fef0623eb53a478654adf45f2b48d,
        type: 3}
      propertyPath: m_LocalRotation.x
      value: 0
      objectReference: {fileID: 0}
    - target: {fileID: 2044313628774717187, guid: ed2fef0623eb53a478654adf45f2b48d,
        type: 3}
      propertyPath: m_LocalRotation.y
      value: 0
      objectReference: {fileID: 0}
    - target: {fileID: 2044313628774717187, guid: ed2fef0623eb53a478654adf45f2b48d,
        type: 3}
      propertyPath: m_LocalRotation.z
      value: 0.0050413427
      objectReference: {fileID: 0}
    - target: {fileID: 2044313628774717187, guid: ed2fef0623eb53a478654adf45f2b48d,
        type: 3}
      propertyPath: m_LocalRotation.w
      value: 0.9999873
      objectReference: {fileID: 0}
    - target: {fileID: 2044313628774717187, guid: ed2fef0623eb53a478654adf45f2b48d,
        type: 3}
      propertyPath: m_LocalPosition.x
      value: -0.13839254
      objectReference: {fileID: 0}
    - target: {fileID: 2044313628774717187, guid: ed2fef0623eb53a478654adf45f2b48d,
        type: 3}
      propertyPath: m_LocalPosition.y
      value: -0.8693275
      objectReference: {fileID: 0}
    - target: {fileID: 5409323001133708210, guid: ed2fef0623eb53a478654adf45f2b48d,
        type: 3}
      propertyPath: m_LocalPosition.x
      value: -0.00000014245511
      objectReference: {fileID: 0}
    - target: {fileID: 2797363748897554665, guid: ed2fef0623eb53a478654adf45f2b48d,
        type: 3}
      propertyPath: m_Sprite
      value: 
      objectReference: {fileID: 21300000, guid: f5ac7aea1252fda46923a97dae30f822,
        type: 3}
    - target: {fileID: 2797363748897554665, guid: ed2fef0623eb53a478654adf45f2b48d,
        type: 3}
      propertyPath: m_Size.x
      value: 4.78
      objectReference: {fileID: 0}
    - target: {fileID: 2797363748897554665, guid: ed2fef0623eb53a478654adf45f2b48d,
        type: 3}
      propertyPath: m_Size.y
      value: 3.48
      objectReference: {fileID: 0}
    - target: {fileID: 2797363748897554665, guid: ed2fef0623eb53a478654adf45f2b48d,
        type: 3}
      propertyPath: m_WasSpriteAssigned
      value: 1
      objectReference: {fileID: 0}
    m_RemovedComponents: []
  m_SourcePrefab: {fileID: 100100000, guid: ed2fef0623eb53a478654adf45f2b48d, type: 3}
--- !u!4 &8855675208573397397 stripped
Transform:
  m_CorrespondingSourceObject: {fileID: 7481934157412176767, guid: ed2fef0623eb53a478654adf45f2b48d,
    type: 3}
  m_PrefabInstance: {fileID: 2103329285705710314}
  m_PrefabAsset: {fileID: 0}
--- !u!1001 &2949011703301581848
PrefabInstance:
  m_ObjectHideFlags: 0
  serializedVersion: 2
  m_Modification:
    m_TransformParent: {fileID: 3881245773028730333}
    m_Modifications:
    - target: {fileID: 7703478201034695462, guid: 342428e288e62f34f97022ae6cffe5f3,
        type: 3}
      propertyPath: m_Name
      value: aero_chest_b
      objectReference: {fileID: 0}
    - target: {fileID: 4475384056981118971, guid: 342428e288e62f34f97022ae6cffe5f3,
        type: 3}
      propertyPath: m_LocalPosition.x
      value: 0
      objectReference: {fileID: 0}
    - target: {fileID: 4475384056981118971, guid: 342428e288e62f34f97022ae6cffe5f3,
        type: 3}
      propertyPath: m_LocalPosition.y
      value: 0
      objectReference: {fileID: 0}
    - target: {fileID: 4475384056981118971, guid: 342428e288e62f34f97022ae6cffe5f3,
        type: 3}
      propertyPath: m_LocalPosition.z
      value: 0
      objectReference: {fileID: 0}
    - target: {fileID: 4475384056981118971, guid: 342428e288e62f34f97022ae6cffe5f3,
        type: 3}
      propertyPath: m_LocalRotation.x
      value: 0
      objectReference: {fileID: 0}
    - target: {fileID: 4475384056981118971, guid: 342428e288e62f34f97022ae6cffe5f3,
        type: 3}
      propertyPath: m_LocalRotation.y
      value: 0
      objectReference: {fileID: 0}
    - target: {fileID: 4475384056981118971, guid: 342428e288e62f34f97022ae6cffe5f3,
        type: 3}
      propertyPath: m_LocalRotation.z
      value: 0
      objectReference: {fileID: 0}
    - target: {fileID: 4475384056981118971, guid: 342428e288e62f34f97022ae6cffe5f3,
        type: 3}
      propertyPath: m_LocalRotation.w
      value: 1
      objectReference: {fileID: 0}
    - target: {fileID: 4475384056981118971, guid: 342428e288e62f34f97022ae6cffe5f3,
        type: 3}
      propertyPath: m_RootOrder
      value: 1
      objectReference: {fileID: 0}
    - target: {fileID: 4475384056981118971, guid: 342428e288e62f34f97022ae6cffe5f3,
        type: 3}
      propertyPath: m_LocalEulerAnglesHint.x
      value: 0
      objectReference: {fileID: 0}
    - target: {fileID: 4475384056981118971, guid: 342428e288e62f34f97022ae6cffe5f3,
        type: 3}
      propertyPath: m_LocalEulerAnglesHint.y
      value: 0
      objectReference: {fileID: 0}
    - target: {fileID: 4475384056981118971, guid: 342428e288e62f34f97022ae6cffe5f3,
        type: 3}
      propertyPath: m_LocalEulerAnglesHint.z
      value: 0
      objectReference: {fileID: 0}
    - target: {fileID: 4398390938712459157, guid: 342428e288e62f34f97022ae6cffe5f3,
        type: 3}
      propertyPath: SortingLayer
      value: BackPiece
      objectReference: {fileID: 0}
    - target: {fileID: 4398390938712459157, guid: 342428e288e62f34f97022ae6cffe5f3,
        type: 3}
      propertyPath: animController
      value: 
      objectReference: {fileID: 7861531944198992389}
    - target: {fileID: 1648706026289060405, guid: 342428e288e62f34f97022ae6cffe5f3,
        type: 3}
      propertyPath: m_LocalRotation.x
      value: 0
      objectReference: {fileID: 0}
    - target: {fileID: 1648706026289060405, guid: 342428e288e62f34f97022ae6cffe5f3,
        type: 3}
      propertyPath: m_LocalRotation.y
      value: 0
      objectReference: {fileID: 0}
    - target: {fileID: 1648706026289060405, guid: 342428e288e62f34f97022ae6cffe5f3,
        type: 3}
      propertyPath: m_LocalRotation.z
      value: 0.055244435
      objectReference: {fileID: 0}
    - target: {fileID: 1648706026289060405, guid: 342428e288e62f34f97022ae6cffe5f3,
        type: 3}
      propertyPath: m_LocalRotation.w
      value: 0.99847287
      objectReference: {fileID: 0}
    - target: {fileID: 1648706026289060405, guid: 342428e288e62f34f97022ae6cffe5f3,
        type: 3}
      propertyPath: m_LocalPosition.x
      value: -5.5305037
      objectReference: {fileID: 0}
    - target: {fileID: 1648706026289060405, guid: 342428e288e62f34f97022ae6cffe5f3,
        type: 3}
      propertyPath: m_LocalPosition.y
      value: 5.361627
      objectReference: {fileID: 0}
    - target: {fileID: 2954392012756233222, guid: 342428e288e62f34f97022ae6cffe5f3,
        type: 3}
      propertyPath: m_LocalPosition.x
      value: 1.655
      objectReference: {fileID: 0}
    - target: {fileID: 2954392012756233222, guid: 342428e288e62f34f97022ae6cffe5f3,
        type: 3}
      propertyPath: m_LocalPosition.y
      value: -2.625
      objectReference: {fileID: 0}
    - target: {fileID: 4287944441203647061, guid: 342428e288e62f34f97022ae6cffe5f3,
        type: 3}
      propertyPath: m_Sprite
      value: 
      objectReference: {fileID: 21300000, guid: 96ef3bac69389454c8fd65d858c887bd,
        type: 3}
    - target: {fileID: 4287944441203647061, guid: 342428e288e62f34f97022ae6cffe5f3,
        type: 3}
      propertyPath: m_Size.x
      value: 3.31
      objectReference: {fileID: 0}
    - target: {fileID: 4287944441203647061, guid: 342428e288e62f34f97022ae6cffe5f3,
        type: 3}
      propertyPath: m_Size.y
      value: 5.25
      objectReference: {fileID: 0}
    - target: {fileID: 4287944441203647061, guid: 342428e288e62f34f97022ae6cffe5f3,
        type: 3}
      propertyPath: m_WasSpriteAssigned
      value: 1
      objectReference: {fileID: 0}
    m_RemovedComponents: []
  m_SourcePrefab: {fileID: 100100000, guid: 342428e288e62f34f97022ae6cffe5f3, type: 3}
--- !u!4 &1654857992556573667 stripped
Transform:
  m_CorrespondingSourceObject: {fileID: 4475384056981118971, guid: 342428e288e62f34f97022ae6cffe5f3,
    type: 3}
  m_PrefabInstance: {fileID: 2949011703301581848}
  m_PrefabAsset: {fileID: 0}
--- !u!1001 &3552993563334432710
PrefabInstance:
  m_ObjectHideFlags: 0
  serializedVersion: 2
  m_Modification:
    m_TransformParent: {fileID: 3881245773028730333}
    m_Modifications:
    - target: {fileID: 1346091452949666607, guid: 5ab1a59018bd27744a0417e24dede1b3,
        type: 3}
      propertyPath: m_Name
      value: blue_aero_right_arm
      objectReference: {fileID: 0}
    - target: {fileID: 6699658765533825133, guid: 5ab1a59018bd27744a0417e24dede1b3,
        type: 3}
      propertyPath: m_LocalPosition.x
      value: 0
      objectReference: {fileID: 0}
    - target: {fileID: 6699658765533825133, guid: 5ab1a59018bd27744a0417e24dede1b3,
        type: 3}
      propertyPath: m_LocalPosition.y
      value: 0
      objectReference: {fileID: 0}
    - target: {fileID: 6699658765533825133, guid: 5ab1a59018bd27744a0417e24dede1b3,
        type: 3}
      propertyPath: m_LocalPosition.z
      value: 0
      objectReference: {fileID: 0}
    - target: {fileID: 6699658765533825133, guid: 5ab1a59018bd27744a0417e24dede1b3,
        type: 3}
      propertyPath: m_LocalRotation.x
      value: 0
      objectReference: {fileID: 0}
    - target: {fileID: 6699658765533825133, guid: 5ab1a59018bd27744a0417e24dede1b3,
        type: 3}
      propertyPath: m_LocalRotation.y
      value: 0
      objectReference: {fileID: 0}
    - target: {fileID: 6699658765533825133, guid: 5ab1a59018bd27744a0417e24dede1b3,
        type: 3}
      propertyPath: m_LocalRotation.z
      value: 0
      objectReference: {fileID: 0}
    - target: {fileID: 6699658765533825133, guid: 5ab1a59018bd27744a0417e24dede1b3,
        type: 3}
      propertyPath: m_LocalRotation.w
      value: 1
      objectReference: {fileID: 0}
    - target: {fileID: 6699658765533825133, guid: 5ab1a59018bd27744a0417e24dede1b3,
        type: 3}
      propertyPath: m_RootOrder
      value: 5
      objectReference: {fileID: 0}
    - target: {fileID: 6699658765533825133, guid: 5ab1a59018bd27744a0417e24dede1b3,
        type: 3}
      propertyPath: m_LocalEulerAnglesHint.x
      value: 0
      objectReference: {fileID: 0}
    - target: {fileID: 6699658765533825133, guid: 5ab1a59018bd27744a0417e24dede1b3,
        type: 3}
      propertyPath: m_LocalEulerAnglesHint.y
      value: 0
      objectReference: {fileID: 0}
    - target: {fileID: 6699658765533825133, guid: 5ab1a59018bd27744a0417e24dede1b3,
        type: 3}
      propertyPath: m_LocalEulerAnglesHint.z
      value: 0
      objectReference: {fileID: 0}
    - target: {fileID: 4832174412200916523, guid: 5ab1a59018bd27744a0417e24dede1b3,
        type: 3}
      propertyPath: SortingLayer
      value: RightArm_au
      objectReference: {fileID: 0}
    - target: {fileID: 4832174412200916523, guid: 5ab1a59018bd27744a0417e24dede1b3,
        type: 3}
      propertyPath: animController
      value: 
      objectReference: {fileID: 7861531944198992389}
    - target: {fileID: 7478621789758212886, guid: 5ab1a59018bd27744a0417e24dede1b3,
        type: 3}
      propertyPath: m_LocalRotation.x
      value: 0
      objectReference: {fileID: 0}
    - target: {fileID: 7478621789758212886, guid: 5ab1a59018bd27744a0417e24dede1b3,
        type: 3}
      propertyPath: m_LocalRotation.y
      value: 0
      objectReference: {fileID: 0}
    - target: {fileID: 7478621789758212886, guid: 5ab1a59018bd27744a0417e24dede1b3,
        type: 3}
      propertyPath: m_LocalRotation.z
      value: 0.15422828
      objectReference: {fileID: 0}
    - target: {fileID: 7478621789758212886, guid: 5ab1a59018bd27744a0417e24dede1b3,
        type: 3}
      propertyPath: m_LocalRotation.w
      value: -0.98803526
      objectReference: {fileID: 0}
    - target: {fileID: 7478621789758212886, guid: 5ab1a59018bd27744a0417e24dede1b3,
        type: 3}
      propertyPath: m_LocalPosition.x
      value: -6.4885817
      objectReference: {fileID: 0}
    - target: {fileID: 7478621789758212886, guid: 5ab1a59018bd27744a0417e24dede1b3,
        type: 3}
      propertyPath: m_LocalPosition.y
      value: 3.539224
      objectReference: {fileID: 0}
    - target: {fileID: 5038827980381319055, guid: 5ab1a59018bd27744a0417e24dede1b3,
        type: 3}
      propertyPath: m_LocalRotation.x
      value: 0
      objectReference: {fileID: 0}
    - target: {fileID: 5038827980381319055, guid: 5ab1a59018bd27744a0417e24dede1b3,
        type: 3}
      propertyPath: m_LocalRotation.y
      value: 0
      objectReference: {fileID: 0}
    - target: {fileID: 5038827980381319055, guid: 5ab1a59018bd27744a0417e24dede1b3,
        type: 3}
      propertyPath: m_LocalRotation.z
      value: 0.5939715
      objectReference: {fileID: 0}
    - target: {fileID: 5038827980381319055, guid: 5ab1a59018bd27744a0417e24dede1b3,
        type: 3}
      propertyPath: m_LocalRotation.w
      value: 0.8044861
      objectReference: {fileID: 0}
    - target: {fileID: 5038827980381319055, guid: 5ab1a59018bd27744a0417e24dede1b3,
        type: 3}
      propertyPath: m_LocalPosition.x
      value: -11.908919
      objectReference: {fileID: 0}
    - target: {fileID: 5038827980381319055, guid: 5ab1a59018bd27744a0417e24dede1b3,
        type: 3}
      propertyPath: m_LocalPosition.y
      value: 0.7229103
      objectReference: {fileID: 0}
    - target: {fileID: 86232085505169785, guid: 5ab1a59018bd27744a0417e24dede1b3,
        type: 3}
      propertyPath: m_LocalRotation.x
      value: 0
      objectReference: {fileID: 0}
    - target: {fileID: 86232085505169785, guid: 5ab1a59018bd27744a0417e24dede1b3,
        type: 3}
      propertyPath: m_LocalRotation.y
      value: 0
      objectReference: {fileID: 0}
    - target: {fileID: 86232085505169785, guid: 5ab1a59018bd27744a0417e24dede1b3,
        type: 3}
      propertyPath: m_LocalRotation.z
      value: 0.6235795
      objectReference: {fileID: 0}
    - target: {fileID: 86232085505169785, guid: 5ab1a59018bd27744a0417e24dede1b3,
        type: 3}
      propertyPath: m_LocalRotation.w
      value: 0.78176
      objectReference: {fileID: 0}
    - target: {fileID: 86232085505169785, guid: 5ab1a59018bd27744a0417e24dede1b3,
        type: 3}
      propertyPath: m_LocalPosition.x
      value: -10.591266
      objectReference: {fileID: 0}
    - target: {fileID: 86232085505169785, guid: 5ab1a59018bd27744a0417e24dede1b3,
        type: 3}
      propertyPath: m_LocalPosition.y
      value: 4.797077
      objectReference: {fileID: 0}
    - target: {fileID: 2667841246518852791, guid: 5ab1a59018bd27744a0417e24dede1b3,
        type: 3}
      propertyPath: m_LocalPosition.x
      value: -0.00000027239324
      objectReference: {fileID: 0}
    - target: {fileID: 5596434306650998900, guid: 5ab1a59018bd27744a0417e24dede1b3,
        type: 3}
      propertyPath: m_LocalPosition.x
      value: -0.00000027239324
      objectReference: {fileID: 0}
    - target: {fileID: 2539105375579531231, guid: 5ab1a59018bd27744a0417e24dede1b3,
        type: 3}
      propertyPath: m_SortingOrder
      value: 1
      objectReference: {fileID: 0}
    - target: {fileID: 2539105375579531231, guid: 5ab1a59018bd27744a0417e24dede1b3,
        type: 3}
      propertyPath: m_Sprite
      value: 
      objectReference: {fileID: 21300000, guid: 878e852811f1c6a4c8457e40dda953d3,
        type: 3}
    - target: {fileID: 2539105375579531231, guid: 5ab1a59018bd27744a0417e24dede1b3,
        type: 3}
      propertyPath: m_Size.x
      value: 9.14
      objectReference: {fileID: 0}
    - target: {fileID: 2539105375579531231, guid: 5ab1a59018bd27744a0417e24dede1b3,
        type: 3}
      propertyPath: m_Size.y
      value: 1.93
      objectReference: {fileID: 0}
    - target: {fileID: 2539105375579531231, guid: 5ab1a59018bd27744a0417e24dede1b3,
        type: 3}
      propertyPath: m_WasSpriteAssigned
      value: 1
      objectReference: {fileID: 0}
    - target: {fileID: 8200888210636905509, guid: 5ab1a59018bd27744a0417e24dede1b3,
        type: 3}
      propertyPath: m_SortingOrder
      value: 2
      objectReference: {fileID: 0}
    - target: {fileID: 8200888210636905509, guid: 5ab1a59018bd27744a0417e24dede1b3,
        type: 3}
      propertyPath: m_Sprite
      value: 
      objectReference: {fileID: 21300000, guid: 3b3c5be2da80bd746a1d1cd5b57b6146,
        type: 3}
    - target: {fileID: 8200888210636905509, guid: 5ab1a59018bd27744a0417e24dede1b3,
        type: 3}
      propertyPath: m_Size.x
      value: 2.8
      objectReference: {fileID: 0}
    - target: {fileID: 8200888210636905509, guid: 5ab1a59018bd27744a0417e24dede1b3,
        type: 3}
      propertyPath: m_Size.y
      value: 2.78
      objectReference: {fileID: 0}
    - target: {fileID: 8200888210636905509, guid: 5ab1a59018bd27744a0417e24dede1b3,
        type: 3}
      propertyPath: m_WasSpriteAssigned
      value: 1
      objectReference: {fileID: 0}
    - target: {fileID: 3817153024402816948, guid: 5ab1a59018bd27744a0417e24dede1b3,
        type: 3}
      propertyPath: m_Sprite
      value: 
      objectReference: {fileID: 21300000, guid: 878e852811f1c6a4c8457e40dda953d3,
        type: 3}
    - target: {fileID: 3817153024402816948, guid: 5ab1a59018bd27744a0417e24dede1b3,
        type: 3}
      propertyPath: m_Size.x
      value: 9.14
      objectReference: {fileID: 0}
    - target: {fileID: 3817153024402816948, guid: 5ab1a59018bd27744a0417e24dede1b3,
        type: 3}
      propertyPath: m_Size.y
      value: 1.93
      objectReference: {fileID: 0}
    - target: {fileID: 3817153024402816948, guid: 5ab1a59018bd27744a0417e24dede1b3,
        type: 3}
      propertyPath: m_WasSpriteAssigned
      value: 1
      objectReference: {fileID: 0}
    m_RemovedComponents: []
  m_SourcePrefab: {fileID: 100100000, guid: 5ab1a59018bd27744a0417e24dede1b3, type: 3}
--- !u!4 &7905854692162641835 stripped
Transform:
  m_CorrespondingSourceObject: {fileID: 6699658765533825133, guid: 5ab1a59018bd27744a0417e24dede1b3,
    type: 3}
  m_PrefabInstance: {fileID: 3552993563334432710}
  m_PrefabAsset: {fileID: 0}
--- !u!1001 &3807620686515387412
PrefabInstance:
  m_ObjectHideFlags: 0
  serializedVersion: 2
  m_Modification:
    m_TransformParent: {fileID: 3881245773028730333}
    m_Modifications:
    - target: {fileID: 4113708106841105415, guid: 2a060ce1c9b46df48a70b998a7370d3b,
        type: 3}
      propertyPath: m_Name
      value: blue_aero_fist
      objectReference: {fileID: 0}
    - target: {fileID: 4722213490805525709, guid: 2a060ce1c9b46df48a70b998a7370d3b,
        type: 3}
      propertyPath: m_LocalPosition.x
      value: 0
      objectReference: {fileID: 0}
    - target: {fileID: 4722213490805525709, guid: 2a060ce1c9b46df48a70b998a7370d3b,
        type: 3}
      propertyPath: m_LocalPosition.y
      value: 0
      objectReference: {fileID: 0}
    - target: {fileID: 4722213490805525709, guid: 2a060ce1c9b46df48a70b998a7370d3b,
        type: 3}
      propertyPath: m_LocalPosition.z
      value: 0
      objectReference: {fileID: 0}
    - target: {fileID: 4722213490805525709, guid: 2a060ce1c9b46df48a70b998a7370d3b,
        type: 3}
      propertyPath: m_LocalRotation.x
      value: 0
      objectReference: {fileID: 0}
    - target: {fileID: 4722213490805525709, guid: 2a060ce1c9b46df48a70b998a7370d3b,
        type: 3}
      propertyPath: m_LocalRotation.y
      value: 0
      objectReference: {fileID: 0}
    - target: {fileID: 4722213490805525709, guid: 2a060ce1c9b46df48a70b998a7370d3b,
        type: 3}
      propertyPath: m_LocalRotation.z
      value: 0
      objectReference: {fileID: 0}
    - target: {fileID: 4722213490805525709, guid: 2a060ce1c9b46df48a70b998a7370d3b,
        type: 3}
      propertyPath: m_LocalRotation.w
      value: 1
      objectReference: {fileID: 0}
    - target: {fileID: 4722213490805525709, guid: 2a060ce1c9b46df48a70b998a7370d3b,
        type: 3}
      propertyPath: m_RootOrder
      value: 3
      objectReference: {fileID: 0}
    - target: {fileID: 4722213490805525709, guid: 2a060ce1c9b46df48a70b998a7370d3b,
        type: 3}
      propertyPath: m_LocalEulerAnglesHint.x
      value: 0
      objectReference: {fileID: 0}
    - target: {fileID: 4722213490805525709, guid: 2a060ce1c9b46df48a70b998a7370d3b,
        type: 3}
      propertyPath: m_LocalEulerAnglesHint.y
      value: 0
      objectReference: {fileID: 0}
    - target: {fileID: 4722213490805525709, guid: 2a060ce1c9b46df48a70b998a7370d3b,
        type: 3}
      propertyPath: m_LocalEulerAnglesHint.z
      value: 0
      objectReference: {fileID: 0}
    - target: {fileID: 468890395432816927, guid: 2a060ce1c9b46df48a70b998a7370d3b,
        type: 3}
      propertyPath: SortingLayer
      value: Fists
      objectReference: {fileID: 0}
    - target: {fileID: 468890395432816927, guid: 2a060ce1c9b46df48a70b998a7370d3b,
        type: 3}
      propertyPath: animController
      value: 
      objectReference: {fileID: 7861531944198992389}
    - target: {fileID: 4655341791558941808, guid: 2a060ce1c9b46df48a70b998a7370d3b,
        type: 3}
      propertyPath: m_LocalRotation.x
      value: 0
      objectReference: {fileID: 0}
    - target: {fileID: 4655341791558941808, guid: 2a060ce1c9b46df48a70b998a7370d3b,
        type: 3}
      propertyPath: m_LocalRotation.y
      value: 0
      objectReference: {fileID: 0}
    - target: {fileID: 4655341791558941808, guid: 2a060ce1c9b46df48a70b998a7370d3b,
        type: 3}
      propertyPath: m_LocalRotation.z
      value: 0.09281694
      objectReference: {fileID: 0}
    - target: {fileID: 4655341791558941808, guid: 2a060ce1c9b46df48a70b998a7370d3b,
        type: 3}
      propertyPath: m_LocalRotation.w
      value: -0.9956832
      objectReference: {fileID: 0}
    - target: {fileID: 4655341791558941808, guid: 2a060ce1c9b46df48a70b998a7370d3b,
        type: 3}
      propertyPath: m_LocalPosition.x
      value: -13.145076
      objectReference: {fileID: 0}
    - target: {fileID: 4655341791558941808, guid: 2a060ce1c9b46df48a70b998a7370d3b,
        type: 3}
      propertyPath: m_LocalPosition.y
      value: -3.363402
      objectReference: {fileID: 0}
    - target: {fileID: 2288310615207353557, guid: 2a060ce1c9b46df48a70b998a7370d3b,
        type: 3}
      propertyPath: m_LocalPosition.y
      value: -1.1556001
      objectReference: {fileID: 0}
    - target: {fileID: 3290842339493663937, guid: 2a060ce1c9b46df48a70b998a7370d3b,
        type: 3}
      propertyPath: m_Sprite
      value: 
      objectReference: {fileID: 21300000, guid: 04b88786e3b90534c88bab3236bb88ad,
        type: 3}
    - target: {fileID: 3290842339493663937, guid: 2a060ce1c9b46df48a70b998a7370d3b,
        type: 3}
      propertyPath: m_Size.x
      value: 2.69
      objectReference: {fileID: 0}
    - target: {fileID: 3290842339493663937, guid: 2a060ce1c9b46df48a70b998a7370d3b,
        type: 3}
      propertyPath: m_Size.y
      value: 3.21
      objectReference: {fileID: 0}
    - target: {fileID: 3290842339493663937, guid: 2a060ce1c9b46df48a70b998a7370d3b,
        type: 3}
      propertyPath: m_WasSpriteAssigned
      value: 1
      objectReference: {fileID: 0}
    m_RemovedComponents: []
  m_SourcePrefab: {fileID: 100100000, guid: 2a060ce1c9b46df48a70b998a7370d3b, type: 3}
--- !u!4 &8457706162696548569 stripped
Transform:
  m_CorrespondingSourceObject: {fileID: 4722213490805525709, guid: 2a060ce1c9b46df48a70b998a7370d3b,
    type: 3}
  m_PrefabInstance: {fileID: 3807620686515387412}
  m_PrefabAsset: {fileID: 0}
--- !u!1001 &6632959320084171948
PrefabInstance:
  m_ObjectHideFlags: 0
  serializedVersion: 2
  m_Modification:
    m_TransformParent: {fileID: 3881245773028730333}
    m_Modifications:
    - target: {fileID: 8141386204202343673, guid: 5a9a20a8f6411584885875b25331fc98,
        type: 3}
      propertyPath: m_Name
      value: Explosions
      objectReference: {fileID: 0}
    - target: {fileID: 6046086590546411258, guid: 5a9a20a8f6411584885875b25331fc98,
        type: 3}
      propertyPath: m_LocalPosition.x
      value: 0
      objectReference: {fileID: 0}
    - target: {fileID: 6046086590546411258, guid: 5a9a20a8f6411584885875b25331fc98,
        type: 3}
      propertyPath: m_LocalPosition.y
      value: 0
      objectReference: {fileID: 0}
    - target: {fileID: 6046086590546411258, guid: 5a9a20a8f6411584885875b25331fc98,
        type: 3}
      propertyPath: m_LocalPosition.z
      value: 0
      objectReference: {fileID: 0}
    - target: {fileID: 6046086590546411258, guid: 5a9a20a8f6411584885875b25331fc98,
        type: 3}
      propertyPath: m_LocalRotation.x
      value: 0
      objectReference: {fileID: 0}
    - target: {fileID: 6046086590546411258, guid: 5a9a20a8f6411584885875b25331fc98,
        type: 3}
      propertyPath: m_LocalRotation.y
      value: 0
      objectReference: {fileID: 0}
    - target: {fileID: 6046086590546411258, guid: 5a9a20a8f6411584885875b25331fc98,
        type: 3}
      propertyPath: m_LocalRotation.z
      value: 0
      objectReference: {fileID: 0}
    - target: {fileID: 6046086590546411258, guid: 5a9a20a8f6411584885875b25331fc98,
        type: 3}
      propertyPath: m_LocalRotation.w
      value: 1
      objectReference: {fileID: 0}
    - target: {fileID: 6046086590546411258, guid: 5a9a20a8f6411584885875b25331fc98,
        type: 3}
      propertyPath: m_RootOrder
      value: 0
      objectReference: {fileID: 0}
    - target: {fileID: 6046086590546411258, guid: 5a9a20a8f6411584885875b25331fc98,
        type: 3}
      propertyPath: m_LocalEulerAnglesHint.x
      value: 0
      objectReference: {fileID: 0}
    - target: {fileID: 6046086590546411258, guid: 5a9a20a8f6411584885875b25331fc98,
        type: 3}
      propertyPath: m_LocalEulerAnglesHint.y
      value: 0
      objectReference: {fileID: 0}
    - target: {fileID: 6046086590546411258, guid: 5a9a20a8f6411584885875b25331fc98,
        type: 3}
      propertyPath: m_LocalEulerAnglesHint.z
      value: 0
      objectReference: {fileID: 0}
    m_RemovedComponents: []
  m_SourcePrefab: {fileID: 100100000, guid: 5a9a20a8f6411584885875b25331fc98, type: 3}
--- !u!4 &1145324857001423446 stripped
Transform:
  m_CorrespondingSourceObject: {fileID: 6046086590546411258, guid: 5a9a20a8f6411584885875b25331fc98,
    type: 3}
  m_PrefabInstance: {fileID: 6632959320084171948}
  m_PrefabAsset: {fileID: 0}
--- !u!1001 &9014295565361930632
PrefabInstance:
  m_ObjectHideFlags: 0
  serializedVersion: 2
  m_Modification:
    m_TransformParent: {fileID: 3881245773028730333}
    m_Modifications:
    - target: {fileID: 2933014848184420768, guid: 3ce60983a12076847a156e46222dbe0f,
        type: 3}
      propertyPath: m_Name
      value: aero_weapon
      objectReference: {fileID: 0}
    - target: {fileID: 571555886222938225, guid: 3ce60983a12076847a156e46222dbe0f,
        type: 3}
      propertyPath: m_LocalPosition.x
      value: 0
      objectReference: {fileID: 0}
    - target: {fileID: 571555886222938225, guid: 3ce60983a12076847a156e46222dbe0f,
        type: 3}
      propertyPath: m_LocalPosition.y
      value: 0
      objectReference: {fileID: 0}
    - target: {fileID: 571555886222938225, guid: 3ce60983a12076847a156e46222dbe0f,
        type: 3}
      propertyPath: m_LocalPosition.z
      value: 0
      objectReference: {fileID: 0}
    - target: {fileID: 571555886222938225, guid: 3ce60983a12076847a156e46222dbe0f,
        type: 3}
      propertyPath: m_LocalRotation.x
      value: 0
      objectReference: {fileID: 0}
    - target: {fileID: 571555886222938225, guid: 3ce60983a12076847a156e46222dbe0f,
        type: 3}
      propertyPath: m_LocalRotation.y
      value: 0
      objectReference: {fileID: 0}
    - target: {fileID: 571555886222938225, guid: 3ce60983a12076847a156e46222dbe0f,
        type: 3}
      propertyPath: m_LocalRotation.z
      value: 0
      objectReference: {fileID: 0}
    - target: {fileID: 571555886222938225, guid: 3ce60983a12076847a156e46222dbe0f,
        type: 3}
      propertyPath: m_LocalRotation.w
      value: 1
      objectReference: {fileID: 0}
    - target: {fileID: 571555886222938225, guid: 3ce60983a12076847a156e46222dbe0f,
        type: 3}
      propertyPath: m_RootOrder
      value: 7
      objectReference: {fileID: 0}
    - target: {fileID: 571555886222938225, guid: 3ce60983a12076847a156e46222dbe0f,
        type: 3}
      propertyPath: m_LocalEulerAnglesHint.x
      value: 0
      objectReference: {fileID: 0}
    - target: {fileID: 571555886222938225, guid: 3ce60983a12076847a156e46222dbe0f,
        type: 3}
      propertyPath: m_LocalEulerAnglesHint.y
      value: 0
      objectReference: {fileID: 0}
    - target: {fileID: 571555886222938225, guid: 3ce60983a12076847a156e46222dbe0f,
        type: 3}
      propertyPath: m_LocalEulerAnglesHint.z
      value: 0
      objectReference: {fileID: 0}
    - target: {fileID: 6263501498571643289, guid: 3ce60983a12076847a156e46222dbe0f,
        type: 3}
      propertyPath: animController
      value: 
      objectReference: {fileID: 7861531944198992389}
    m_RemovedComponents: []
  m_SourcePrefab: {fileID: 100100000, guid: 3ce60983a12076847a156e46222dbe0f, type: 3}
--- !u!4 &8860732221197971961 stripped
Transform:
  m_CorrespondingSourceObject: {fileID: 571555886222938225, guid: 3ce60983a12076847a156e46222dbe0f,
    type: 3}
  m_PrefabInstance: {fileID: 9014295565361930632}
  m_PrefabAsset: {fileID: 0}
--- !u!1001 &9050029387463908092
PrefabInstance:
  m_ObjectHideFlags: 0
  serializedVersion: 2
  m_Modification:
    m_TransformParent: {fileID: 3881245773028730333}
    m_Modifications:
    - target: {fileID: 5982640234836211283, guid: 6e47168a10032ed4799983f156f7be5a,
        type: 3}
      propertyPath: m_Name
      value: blue_aero_left_arm
      objectReference: {fileID: 0}
    - target: {fileID: 2382449093840001583, guid: 6e47168a10032ed4799983f156f7be5a,
        type: 3}
      propertyPath: m_LocalPosition.x
      value: 0
      objectReference: {fileID: 0}
    - target: {fileID: 2382449093840001583, guid: 6e47168a10032ed4799983f156f7be5a,
        type: 3}
      propertyPath: m_LocalPosition.y
      value: 0
      objectReference: {fileID: 0}
    - target: {fileID: 2382449093840001583, guid: 6e47168a10032ed4799983f156f7be5a,
        type: 3}
      propertyPath: m_LocalPosition.z
      value: 0
      objectReference: {fileID: 0}
    - target: {fileID: 2382449093840001583, guid: 6e47168a10032ed4799983f156f7be5a,
        type: 3}
      propertyPath: m_LocalRotation.x
      value: 0
      objectReference: {fileID: 0}
    - target: {fileID: 2382449093840001583, guid: 6e47168a10032ed4799983f156f7be5a,
        type: 3}
      propertyPath: m_LocalRotation.y
      value: 0
      objectReference: {fileID: 0}
    - target: {fileID: 2382449093840001583, guid: 6e47168a10032ed4799983f156f7be5a,
        type: 3}
      propertyPath: m_LocalRotation.z
      value: 0
      objectReference: {fileID: 0}
    - target: {fileID: 2382449093840001583, guid: 6e47168a10032ed4799983f156f7be5a,
        type: 3}
      propertyPath: m_LocalRotation.w
      value: 1
      objectReference: {fileID: 0}
    - target: {fileID: 2382449093840001583, guid: 6e47168a10032ed4799983f156f7be5a,
        type: 3}
      propertyPath: m_RootOrder
      value: 4
      objectReference: {fileID: 0}
    - target: {fileID: 2382449093840001583, guid: 6e47168a10032ed4799983f156f7be5a,
        type: 3}
      propertyPath: m_LocalEulerAnglesHint.x
      value: 0
      objectReference: {fileID: 0}
    - target: {fileID: 2382449093840001583, guid: 6e47168a10032ed4799983f156f7be5a,
        type: 3}
      propertyPath: m_LocalEulerAnglesHint.y
      value: 0
      objectReference: {fileID: 0}
    - target: {fileID: 2382449093840001583, guid: 6e47168a10032ed4799983f156f7be5a,
        type: 3}
      propertyPath: m_LocalEulerAnglesHint.z
      value: 0
      objectReference: {fileID: 0}
    - target: {fileID: 1942533947271480566, guid: 6e47168a10032ed4799983f156f7be5a,
        type: 3}
      propertyPath: SortingLayer
      value: LeftArm
      objectReference: {fileID: 0}
    - target: {fileID: 1942533947271480566, guid: 6e47168a10032ed4799983f156f7be5a,
        type: 3}
      propertyPath: animController
      value: 
      objectReference: {fileID: 7861531944198992389}
    - target: {fileID: 8541165097293098109, guid: 6e47168a10032ed4799983f156f7be5a,
        type: 3}
      propertyPath: m_LocalRotation.x
      value: 0
      objectReference: {fileID: 0}
    - target: {fileID: 8541165097293098109, guid: 6e47168a10032ed4799983f156f7be5a,
        type: 3}
      propertyPath: m_LocalRotation.y
      value: 0
      objectReference: {fileID: 0}
    - target: {fileID: 8541165097293098109, guid: 6e47168a10032ed4799983f156f7be5a,
        type: 3}
      propertyPath: m_LocalRotation.z
      value: 0.5254125
      objectReference: {fileID: 0}
    - target: {fileID: 8541165097293098109, guid: 6e47168a10032ed4799983f156f7be5a,
        type: 3}
      propertyPath: m_LocalRotation.w
      value: 0.85084766
      objectReference: {fileID: 0}
    - target: {fileID: 8541165097293098109, guid: 6e47168a10032ed4799983f156f7be5a,
        type: 3}
      propertyPath: m_LocalPosition.x
      value: 11.983312
      objectReference: {fileID: 0}
    - target: {fileID: 8541165097293098109, guid: 6e47168a10032ed4799983f156f7be5a,
        type: 3}
      propertyPath: m_LocalPosition.y
      value: 1.474385
      objectReference: {fileID: 0}
    - target: {fileID: 2967828815215087872, guid: 6e47168a10032ed4799983f156f7be5a,
        type: 3}
      propertyPath: m_LocalRotation.x
      value: 0
      objectReference: {fileID: 0}
    - target: {fileID: 2967828815215087872, guid: 6e47168a10032ed4799983f156f7be5a,
        type: 3}
      propertyPath: m_LocalRotation.y
      value: 0
      objectReference: {fileID: 0}
    - target: {fileID: 2967828815215087872, guid: 6e47168a10032ed4799983f156f7be5a,
        type: 3}
      propertyPath: m_LocalRotation.z
      value: 0.28736097
      objectReference: {fileID: 0}
    - target: {fileID: 2967828815215087872, guid: 6e47168a10032ed4799983f156f7be5a,
        type: 3}
      propertyPath: m_LocalRotation.w
      value: -0.9578224
      objectReference: {fileID: 0}
    - target: {fileID: 2967828815215087872, guid: 6e47168a10032ed4799983f156f7be5a,
        type: 3}
      propertyPath: m_LocalPosition.x
      value: 5.921298
      objectReference: {fileID: 0}
    - target: {fileID: 2967828815215087872, guid: 6e47168a10032ed4799983f156f7be5a,
        type: 3}
      propertyPath: m_LocalPosition.y
      value: 0.08565769
      objectReference: {fileID: 0}
    - target: {fileID: 230160984609159155, guid: 6e47168a10032ed4799983f156f7be5a,
        type: 3}
      propertyPath: m_LocalRotation.x
      value: 0
      objectReference: {fileID: 0}
    - target: {fileID: 230160984609159155, guid: 6e47168a10032ed4799983f156f7be5a,
        type: 3}
      propertyPath: m_LocalRotation.y
      value: 0
      objectReference: {fileID: 0}
    - target: {fileID: 230160984609159155, guid: 6e47168a10032ed4799983f156f7be5a,
        type: 3}
      propertyPath: m_LocalRotation.z
      value: 0.867802
      objectReference: {fileID: 0}
    - target: {fileID: 230160984609159155, guid: 6e47168a10032ed4799983f156f7be5a,
        type: 3}
      propertyPath: m_LocalRotation.w
      value: -0.49691007
      objectReference: {fileID: 0}
    - target: {fileID: 230160984609159155, guid: 6e47168a10032ed4799983f156f7be5a,
        type: 3}
      propertyPath: m_LocalPosition.x
      value: 9.962615
      objectReference: {fileID: 0}
    - target: {fileID: 230160984609159155, guid: 6e47168a10032ed4799983f156f7be5a,
        type: 3}
      propertyPath: m_LocalPosition.y
      value: -2.631827
      objectReference: {fileID: 0}
    - target: {fileID: 1993270021125343909, guid: 6e47168a10032ed4799983f156f7be5a,
        type: 3}
      propertyPath: m_LocalRotation.x
      value: 0
      objectReference: {fileID: 0}
    - target: {fileID: 1993270021125343909, guid: 6e47168a10032ed4799983f156f7be5a,
        type: 3}
      propertyPath: m_LocalRotation.y
      value: 0
      objectReference: {fileID: 0}
    - target: {fileID: 1993270021125343909, guid: 6e47168a10032ed4799983f156f7be5a,
        type: 3}
      propertyPath: m_LocalRotation.z
      value: 0.9693032
      objectReference: {fileID: 0}
    - target: {fileID: 1993270021125343909, guid: 6e47168a10032ed4799983f156f7be5a,
        type: 3}
      propertyPath: m_LocalRotation.w
      value: 0.24586856
      objectReference: {fileID: 0}
    - target: {fileID: 1993270021125343909, guid: 6e47168a10032ed4799983f156f7be5a,
        type: 3}
      propertyPath: m_LocalPosition.x
      value: 13.775099
      objectReference: {fileID: 0}
    - target: {fileID: 1993270021125343909, guid: 6e47168a10032ed4799983f156f7be5a,
        type: 3}
      propertyPath: m_LocalPosition.y
      value: 5.0172286
      objectReference: {fileID: 0}
    - target: {fileID: 1646227473668028616, guid: 6e47168a10032ed4799983f156f7be5a,
        type: 3}
      propertyPath: m_LocalPosition.x
      value: -0.00000027239338
      objectReference: {fileID: 0}
    - target: {fileID: 1646227473668028616, guid: 6e47168a10032ed4799983f156f7be5a,
        type: 3}
      propertyPath: m_LocalScale.x
      value: 1.0000005
      objectReference: {fileID: 0}
    - target: {fileID: 1635003891142060263, guid: 6e47168a10032ed4799983f156f7be5a,
        type: 3}
      propertyPath: m_LocalPosition.x
      value: -0.00000027239307
      objectReference: {fileID: 0}
    - target: {fileID: 1635003891142060263, guid: 6e47168a10032ed4799983f156f7be5a,
        type: 3}
      propertyPath: m_LocalScale.x
      value: 0.9999994
      objectReference: {fileID: 0}
    - target: {fileID: 5435365248148888212, guid: 6e47168a10032ed4799983f156f7be5a,
        type: 3}
      propertyPath: m_LocalScale.x
      value: 0.9999994
      objectReference: {fileID: 0}
    - target: {fileID: 4702130740510466513, guid: 6e47168a10032ed4799983f156f7be5a,
        type: 3}
      propertyPath: m_LocalPosition.y
      value: -1.1556001
      objectReference: {fileID: 0}
    - target: {fileID: 4702130740510466513, guid: 6e47168a10032ed4799983f156f7be5a,
        type: 3}
      propertyPath: m_LocalScale.x
      value: 1.0000005
      objectReference: {fileID: 0}
    - target: {fileID: 6808629469405052919, guid: 6e47168a10032ed4799983f156f7be5a,
        type: 3}
      propertyPath: m_Sprite
      value: 
      objectReference: {fileID: 21300000, guid: 878e852811f1c6a4c8457e40dda953d3,
        type: 3}
    - target: {fileID: 6808629469405052919, guid: 6e47168a10032ed4799983f156f7be5a,
        type: 3}
      propertyPath: m_Size.x
      value: 9.14
      objectReference: {fileID: 0}
    - target: {fileID: 6808629469405052919, guid: 6e47168a10032ed4799983f156f7be5a,
        type: 3}
      propertyPath: m_Size.y
      value: 1.93
      objectReference: {fileID: 0}
    - target: {fileID: 6808629469405052919, guid: 6e47168a10032ed4799983f156f7be5a,
        type: 3}
      propertyPath: m_WasSpriteAssigned
      value: 1
      objectReference: {fileID: 0}
    - target: {fileID: 7111732101257923864, guid: 6e47168a10032ed4799983f156f7be5a,
        type: 3}
      propertyPath: m_SortingOrder
      value: 2
      objectReference: {fileID: 0}
    - target: {fileID: 7111732101257923864, guid: 6e47168a10032ed4799983f156f7be5a,
        type: 3}
      propertyPath: m_Sprite
      value: 
      objectReference: {fileID: 21300000, guid: 3b3c5be2da80bd746a1d1cd5b57b6146,
        type: 3}
    - target: {fileID: 7111732101257923864, guid: 6e47168a10032ed4799983f156f7be5a,
        type: 3}
      propertyPath: m_Size.x
      value: 2.8
      objectReference: {fileID: 0}
    - target: {fileID: 7111732101257923864, guid: 6e47168a10032ed4799983f156f7be5a,
        type: 3}
      propertyPath: m_Size.y
      value: 2.78
      objectReference: {fileID: 0}
    - target: {fileID: 7111732101257923864, guid: 6e47168a10032ed4799983f156f7be5a,
        type: 3}
      propertyPath: m_WasSpriteAssigned
      value: 1
      objectReference: {fileID: 0}
    - target: {fileID: 4916964273133116086, guid: 6e47168a10032ed4799983f156f7be5a,
        type: 3}
      propertyPath: m_SortingOrder
      value: 3
      objectReference: {fileID: 0}
    - target: {fileID: 4916964273133116086, guid: 6e47168a10032ed4799983f156f7be5a,
        type: 3}
      propertyPath: m_Sprite
      value: 
      objectReference: {fileID: 21300000, guid: 04b88786e3b90534c88bab3236bb88ad,
        type: 3}
    - target: {fileID: 4916964273133116086, guid: 6e47168a10032ed4799983f156f7be5a,
        type: 3}
      propertyPath: m_Size.x
      value: 2.69
      objectReference: {fileID: 0}
    - target: {fileID: 4916964273133116086, guid: 6e47168a10032ed4799983f156f7be5a,
        type: 3}
      propertyPath: m_Size.y
      value: 3.21
      objectReference: {fileID: 0}
    - target: {fileID: 4916964273133116086, guid: 6e47168a10032ed4799983f156f7be5a,
        type: 3}
      propertyPath: m_WasSpriteAssigned
      value: 1
      objectReference: {fileID: 0}
    - target: {fileID: 655932555810529080, guid: 6e47168a10032ed4799983f156f7be5a,
        type: 3}
      propertyPath: m_SortingOrder
      value: 1
      objectReference: {fileID: 0}
    - target: {fileID: 655932555810529080, guid: 6e47168a10032ed4799983f156f7be5a,
        type: 3}
      propertyPath: m_Sprite
      value: 
      objectReference: {fileID: 21300000, guid: 878e852811f1c6a4c8457e40dda953d3,
        type: 3}
    - target: {fileID: 655932555810529080, guid: 6e47168a10032ed4799983f156f7be5a,
        type: 3}
      propertyPath: m_Size.x
      value: 9.14
      objectReference: {fileID: 0}
    - target: {fileID: 655932555810529080, guid: 6e47168a10032ed4799983f156f7be5a,
        type: 3}
      propertyPath: m_Size.y
      value: 1.93
      objectReference: {fileID: 0}
    - target: {fileID: 655932555810529080, guid: 6e47168a10032ed4799983f156f7be5a,
        type: 3}
      propertyPath: m_WasSpriteAssigned
      value: 1
      objectReference: {fileID: 0}
    m_RemovedComponents: []
  m_SourcePrefab: {fileID: 100100000, guid: 6e47168a10032ed4799983f156f7be5a, type: 3}
--- !u!4 &6667580436474560723 stripped
Transform:
  m_CorrespondingSourceObject: {fileID: 2382449093840001583, guid: 6e47168a10032ed4799983f156f7be5a,
    type: 3}
  m_PrefabInstance: {fileID: 9050029387463908092}
  m_PrefabAsset: {fileID: 0}
