%YAML 1.1
%TAG !u! tag:unity3d.com,2011:
--- !u!1 &8160008438355975517
GameObject:
  m_ObjectHideFlags: 0
  m_CorrespondingSourceObject: {fileID: 0}
  m_PrefabInstance: {fileID: 0}
  m_PrefabAsset: {fileID: 0}
  serializedVersion: 6
  m_Component:
  - component: {fileID: 5256710208522742914}
  - component: {fileID: 8474826056582523174}
  m_Layer: 0
  m_Name: BlueTorso
  m_TagString: Untagged
  m_Icon: {fileID: 0}
  m_NavMeshLayer: 0
  m_StaticEditorFlags: 0
  m_IsActive: 1
--- !u!4 &5256710208522742914
Transform:
  m_ObjectHideFlags: 0
  m_CorrespondingSourceObject: {fileID: 0}
  m_PrefabInstance: {fileID: 0}
  m_PrefabAsset: {fileID: 0}
  m_GameObject: {fileID: 8160008438355975517}
  m_LocalRotation: {x: 0, y: 0, z: 0, w: 1}
  m_LocalPosition: {x: 0, y: 0, z: 0}
  m_LocalScale: {x: 0.03, y: 0.03, z: 0.03}
  m_Children:
  - {fileID: 571820241254561965}
  - {fileID: 6297069248522816721}
  - {fileID: 3593682156629184644}
  - {fileID: 5997612929014551610}
  - {fileID: 2421051494482668026}
  - {fileID: 4746171100490046250}
  - {fileID: 7461702552771773791}
  m_Father: {fileID: 0}
  m_RootOrder: 0
  m_LocalEulerAnglesHint: {x: 0, y: 0, z: 0}
--- !u!114 &8474826056582523174
MonoBehaviour:
  m_ObjectHideFlags: 0
  m_CorrespondingSourceObject: {fileID: 0}
  m_PrefabInstance: {fileID: 0}
  m_PrefabAsset: {fileID: 0}
  m_GameObject: {fileID: 8160008438355975517}
  m_Enabled: 1
  m_EditorHideFlags: 0
  m_Script: {fileID: 11500000, guid: aae3ef1e6d0732a4b8dcade7f806737e, type: 3}
  m_Name: 
  m_EditorClassIdentifier: 
  armsAnim: 
  weaponsAnim: 
  walkAnim: 
  changeAnim: 0
  attack: 0
  robot:
    numRobotCreated: 0
    attacks: 
    parts: []
    AnimationArm: []
    AnimationWeapon: []
    blockedObjects: []
    headType: 0
    torsoType: 0
    legsType: 0
    weapon: 0
    debilityKnife: 0
    debilitySword: 0
    debilityGun: 0
    debilityShotgun: 0
    debilityMachineGun: 0
    debilitySniper: 0
    debilityLaser: 0
--- !u!1001 &634121007418334380
PrefabInstance:
  m_ObjectHideFlags: 0
  serializedVersion: 2
  m_Modification:
    m_TransformParent: {fileID: 5256710208522742914}
    m_Modifications:
    - target: {fileID: 711819761869290905, guid: fc7d5f51cdf870343962961a07b9f5e1,
        type: 3}
      propertyPath: m_Name
      value: blue_tank_chest
      objectReference: {fileID: 0}
    - target: {fileID: 6894860035834597501, guid: fc7d5f51cdf870343962961a07b9f5e1,
        type: 3}
      propertyPath: m_LocalPosition.x
      value: 0
      objectReference: {fileID: 0}
    - target: {fileID: 6894860035834597501, guid: fc7d5f51cdf870343962961a07b9f5e1,
        type: 3}
      propertyPath: m_LocalPosition.y
      value: 0
      objectReference: {fileID: 0}
    - target: {fileID: 6894860035834597501, guid: fc7d5f51cdf870343962961a07b9f5e1,
        type: 3}
      propertyPath: m_LocalPosition.z
      value: 0
      objectReference: {fileID: 0}
    - target: {fileID: 6894860035834597501, guid: fc7d5f51cdf870343962961a07b9f5e1,
        type: 3}
      propertyPath: m_LocalRotation.x
      value: 0
      objectReference: {fileID: 0}
    - target: {fileID: 6894860035834597501, guid: fc7d5f51cdf870343962961a07b9f5e1,
        type: 3}
      propertyPath: m_LocalRotation.y
      value: 0
      objectReference: {fileID: 0}
    - target: {fileID: 6894860035834597501, guid: fc7d5f51cdf870343962961a07b9f5e1,
        type: 3}
      propertyPath: m_LocalRotation.z
      value: 0
      objectReference: {fileID: 0}
    - target: {fileID: 6894860035834597501, guid: fc7d5f51cdf870343962961a07b9f5e1,
        type: 3}
      propertyPath: m_LocalRotation.w
      value: 1
      objectReference: {fileID: 0}
    - target: {fileID: 6894860035834597501, guid: fc7d5f51cdf870343962961a07b9f5e1,
        type: 3}
      propertyPath: m_RootOrder
      value: 1
      objectReference: {fileID: 0}
    - target: {fileID: 6894860035834597501, guid: fc7d5f51cdf870343962961a07b9f5e1,
        type: 3}
      propertyPath: m_LocalEulerAnglesHint.x
      value: 0
      objectReference: {fileID: 0}
    - target: {fileID: 6894860035834597501, guid: fc7d5f51cdf870343962961a07b9f5e1,
        type: 3}
      propertyPath: m_LocalEulerAnglesHint.y
      value: 0
      objectReference: {fileID: 0}
    - target: {fileID: 6894860035834597501, guid: fc7d5f51cdf870343962961a07b9f5e1,
        type: 3}
      propertyPath: m_LocalEulerAnglesHint.z
      value: 0
      objectReference: {fileID: 0}
    - target: {fileID: 412395760119055449, guid: fc7d5f51cdf870343962961a07b9f5e1,
        type: 3}
      propertyPath: SortingLayer
      value: Chest
      objectReference: {fileID: 0}
    - target: {fileID: 5151024943504724281, guid: fc7d5f51cdf870343962961a07b9f5e1,
        type: 3}
      propertyPath: m_LocalRotation.x
      value: 0
      objectReference: {fileID: 0}
    - target: {fileID: 5151024943504724281, guid: fc7d5f51cdf870343962961a07b9f5e1,
        type: 3}
      propertyPath: m_LocalRotation.y
      value: 0
      objectReference: {fileID: 0}
    - target: {fileID: 5151024943504724281, guid: fc7d5f51cdf870343962961a07b9f5e1,
        type: 3}
      propertyPath: m_LocalRotation.z
      value: 0.016371863
      objectReference: {fileID: 0}
    - target: {fileID: 5151024943504724281, guid: fc7d5f51cdf870343962961a07b9f5e1,
        type: 3}
      propertyPath: m_LocalRotation.w
      value: -0.999866
      objectReference: {fileID: 0}
    - target: {fileID: 5151024943504724281, guid: fc7d5f51cdf870343962961a07b9f5e1,
        type: 3}
      propertyPath: m_LocalPosition.x
      value: -0.22547898
      objectReference: {fileID: 0}
    - target: {fileID: 5151024943504724281, guid: fc7d5f51cdf870343962961a07b9f5e1,
        type: 3}
      propertyPath: m_LocalPosition.y
      value: 1.8074945
      objectReference: {fileID: 0}
    - target: {fileID: 2683080062870562269, guid: fc7d5f51cdf870343962961a07b9f5e1,
        type: 3}
      propertyPath: m_LocalPosition.y
      value: -0.00000013440848
      objectReference: {fileID: 0}
    - target: {fileID: 7269601864132333999, guid: fc7d5f51cdf870343962961a07b9f5e1,
        type: 3}
      propertyPath: m_Sprite
      value: 
      objectReference: {fileID: 21300000, guid: cc59f5e81d69fff499388509ba747080,
        type: 3}
    - target: {fileID: 7269601864132333999, guid: fc7d5f51cdf870343962961a07b9f5e1,
        type: 3}
      propertyPath: m_Size.x
      value: 6.58
      objectReference: {fileID: 0}
    - target: {fileID: 7269601864132333999, guid: fc7d5f51cdf870343962961a07b9f5e1,
        type: 3}
      propertyPath: m_Size.y
      value: 4.51
      objectReference: {fileID: 0}
    - target: {fileID: 7269601864132333999, guid: fc7d5f51cdf870343962961a07b9f5e1,
        type: 3}
      propertyPath: m_WasSpriteAssigned
      value: 1
      objectReference: {fileID: 0}
    m_RemovedComponents: []
  m_SourcePrefab: {fileID: 100100000, guid: fc7d5f51cdf870343962961a07b9f5e1, type: 3}
--- !u!4 &6297069248522816721 stripped
Transform:
  m_CorrespondingSourceObject: {fileID: 6894860035834597501, guid: fc7d5f51cdf870343962961a07b9f5e1,
    type: 3}
  m_PrefabInstance: {fileID: 634121007418334380}
  m_PrefabAsset: {fileID: 0}
--- !u!1001 &1696957855086102598
PrefabInstance:
  m_ObjectHideFlags: 0
  serializedVersion: 2
  m_Modification:
    m_TransformParent: {fileID: 5256710208522742914}
    m_Modifications:
    - target: {fileID: 3734577122577605700, guid: 3f499850f4c49c9489d7ffc5d3b0e6dc,
        type: 3}
      propertyPath: m_Name
      value: blue_tank_neck_torso
      objectReference: {fileID: 0}
    - target: {fileID: 3897165828938146236, guid: 3f499850f4c49c9489d7ffc5d3b0e6dc,
        type: 3}
      propertyPath: m_LocalPosition.x
      value: 0
      objectReference: {fileID: 0}
    - target: {fileID: 3897165828938146236, guid: 3f499850f4c49c9489d7ffc5d3b0e6dc,
        type: 3}
      propertyPath: m_LocalPosition.y
      value: 0
      objectReference: {fileID: 0}
    - target: {fileID: 3897165828938146236, guid: 3f499850f4c49c9489d7ffc5d3b0e6dc,
        type: 3}
      propertyPath: m_LocalPosition.z
      value: 0
      objectReference: {fileID: 0}
    - target: {fileID: 3897165828938146236, guid: 3f499850f4c49c9489d7ffc5d3b0e6dc,
        type: 3}
      propertyPath: m_LocalRotation.x
      value: 0
      objectReference: {fileID: 0}
    - target: {fileID: 3897165828938146236, guid: 3f499850f4c49c9489d7ffc5d3b0e6dc,
        type: 3}
      propertyPath: m_LocalRotation.y
      value: 0
      objectReference: {fileID: 0}
    - target: {fileID: 3897165828938146236, guid: 3f499850f4c49c9489d7ffc5d3b0e6dc,
        type: 3}
      propertyPath: m_LocalRotation.z
      value: 0
      objectReference: {fileID: 0}
    - target: {fileID: 3897165828938146236, guid: 3f499850f4c49c9489d7ffc5d3b0e6dc,
        type: 3}
      propertyPath: m_LocalRotation.w
      value: 1
      objectReference: {fileID: 0}
    - target: {fileID: 3897165828938146236, guid: 3f499850f4c49c9489d7ffc5d3b0e6dc,
        type: 3}
      propertyPath: m_RootOrder
      value: 4
      objectReference: {fileID: 0}
    - target: {fileID: 3897165828938146236, guid: 3f499850f4c49c9489d7ffc5d3b0e6dc,
        type: 3}
      propertyPath: m_LocalEulerAnglesHint.x
      value: 0
      objectReference: {fileID: 0}
    - target: {fileID: 3897165828938146236, guid: 3f499850f4c49c9489d7ffc5d3b0e6dc,
        type: 3}
      propertyPath: m_LocalEulerAnglesHint.y
      value: 0
      objectReference: {fileID: 0}
    - target: {fileID: 3897165828938146236, guid: 3f499850f4c49c9489d7ffc5d3b0e6dc,
        type: 3}
      propertyPath: m_LocalEulerAnglesHint.z
      value: 0
      objectReference: {fileID: 0}
    - target: {fileID: 5533187305198887568, guid: 3f499850f4c49c9489d7ffc5d3b0e6dc,
        type: 3}
      propertyPath: SortingLayer
      value: TorsoNeck
      objectReference: {fileID: 0}
    - target: {fileID: 218144930308601441, guid: 3f499850f4c49c9489d7ffc5d3b0e6dc,
        type: 3}
      propertyPath: m_LocalRotation.x
      value: 0
      objectReference: {fileID: 0}
    - target: {fileID: 218144930308601441, guid: 3f499850f4c49c9489d7ffc5d3b0e6dc,
        type: 3}
      propertyPath: m_LocalRotation.y
      value: 0
      objectReference: {fileID: 0}
    - target: {fileID: 218144930308601441, guid: 3f499850f4c49c9489d7ffc5d3b0e6dc,
        type: 3}
      propertyPath: m_LocalRotation.z
      value: 0.0050413427
      objectReference: {fileID: 0}
    - target: {fileID: 218144930308601441, guid: 3f499850f4c49c9489d7ffc5d3b0e6dc,
        type: 3}
      propertyPath: m_LocalRotation.w
      value: 0.9999873
      objectReference: {fileID: 0}
    - target: {fileID: 218144930308601441, guid: 3f499850f4c49c9489d7ffc5d3b0e6dc,
        type: 3}
      propertyPath: m_LocalPosition.x
      value: -0.13839254
      objectReference: {fileID: 0}
    - target: {fileID: 218144930308601441, guid: 3f499850f4c49c9489d7ffc5d3b0e6dc,
        type: 3}
      propertyPath: m_LocalPosition.y
      value: -0.8693275
      objectReference: {fileID: 0}
    - target: {fileID: 8805106889555941183, guid: 3f499850f4c49c9489d7ffc5d3b0e6dc,
        type: 3}
      propertyPath: m_LocalRotation.x
      value: 0
      objectReference: {fileID: 0}
    - target: {fileID: 8805106889555941183, guid: 3f499850f4c49c9489d7ffc5d3b0e6dc,
        type: 3}
      propertyPath: m_LocalRotation.y
      value: 0
      objectReference: {fileID: 0}
    - target: {fileID: 8805106889555941183, guid: 3f499850f4c49c9489d7ffc5d3b0e6dc,
        type: 3}
      propertyPath: m_LocalRotation.z
      value: 0.07295312
      objectReference: {fileID: 0}
    - target: {fileID: 8805106889555941183, guid: 3f499850f4c49c9489d7ffc5d3b0e6dc,
        type: 3}
      propertyPath: m_LocalRotation.w
      value: -0.9973354
      objectReference: {fileID: 0}
    - target: {fileID: 8805106889555941183, guid: 3f499850f4c49c9489d7ffc5d3b0e6dc,
        type: 3}
      propertyPath: m_LocalPosition.x
      value: -0.69114816
      objectReference: {fileID: 0}
    - target: {fileID: 8805106889555941183, guid: 3f499850f4c49c9489d7ffc5d3b0e6dc,
        type: 3}
      propertyPath: m_LocalPosition.y
      value: 4.2992177
      objectReference: {fileID: 0}
    - target: {fileID: 8767546531550728180, guid: 3f499850f4c49c9489d7ffc5d3b0e6dc,
        type: 3}
      propertyPath: m_LocalPosition.x
      value: -0.00000014245511
      objectReference: {fileID: 0}
    - target: {fileID: 1095247041380781527, guid: 3f499850f4c49c9489d7ffc5d3b0e6dc,
        type: 3}
      propertyPath: m_LocalPosition.y
      value: -0.000000042915346
      objectReference: {fileID: 0}
    - target: {fileID: 6212118588777636965, guid: 3f499850f4c49c9489d7ffc5d3b0e6dc,
        type: 3}
      propertyPath: m_Sprite
      value: 
      objectReference: {fileID: 21300000, guid: 2f6505e2498898641a7044251fb5bcf5,
        type: 3}
    - target: {fileID: 6212118588777636965, guid: 3f499850f4c49c9489d7ffc5d3b0e6dc,
        type: 3}
      propertyPath: m_Size.x
      value: 4.78
      objectReference: {fileID: 0}
    - target: {fileID: 6212118588777636965, guid: 3f499850f4c49c9489d7ffc5d3b0e6dc,
        type: 3}
      propertyPath: m_Size.y
      value: 3.48
      objectReference: {fileID: 0}
    - target: {fileID: 6212118588777636965, guid: 3f499850f4c49c9489d7ffc5d3b0e6dc,
        type: 3}
      propertyPath: m_WasSpriteAssigned
      value: 1
      objectReference: {fileID: 0}
    - target: {fileID: 6142186515839960077, guid: 3f499850f4c49c9489d7ffc5d3b0e6dc,
        type: 3}
      propertyPath: m_SortingOrder
      value: 1
      objectReference: {fileID: 0}
    - target: {fileID: 6142186515839960077, guid: 3f499850f4c49c9489d7ffc5d3b0e6dc,
        type: 3}
      propertyPath: m_Sprite
      value: 
      objectReference: {fileID: 21300000, guid: 2c1b91449432b814bac50652ce8e760f,
        type: 3}
    - target: {fileID: 6142186515839960077, guid: 3f499850f4c49c9489d7ffc5d3b0e6dc,
        type: 3}
      propertyPath: m_Size.x
      value: 2.86
      objectReference: {fileID: 0}
    - target: {fileID: 6142186515839960077, guid: 3f499850f4c49c9489d7ffc5d3b0e6dc,
        type: 3}
      propertyPath: m_Size.y
      value: 1.44
      objectReference: {fileID: 0}
    - target: {fileID: 6142186515839960077, guid: 3f499850f4c49c9489d7ffc5d3b0e6dc,
        type: 3}
      propertyPath: m_WasSpriteAssigned
      value: 1
      objectReference: {fileID: 0}
    m_RemovedComponents: []
  m_SourcePrefab: {fileID: 100100000, guid: 3f499850f4c49c9489d7ffc5d3b0e6dc, type: 3}
--- !u!4 &2421051494482668026 stripped
Transform:
  m_CorrespondingSourceObject: {fileID: 3897165828938146236, guid: 3f499850f4c49c9489d7ffc5d3b0e6dc,
    type: 3}
  m_PrefabInstance: {fileID: 1696957855086102598}
  m_PrefabAsset: {fileID: 0}
--- !u!1001 &6054949797513545303
PrefabInstance:
  m_ObjectHideFlags: 0
  serializedVersion: 2
  m_Modification:
    m_TransformParent: {fileID: 5256710208522742914}
    m_Modifications:
    - target: {fileID: 8141386204202343673, guid: 5a9a20a8f6411584885875b25331fc98,
        type: 3}
      propertyPath: m_Name
      value: Explosions
      objectReference: {fileID: 0}
    - target: {fileID: 6046086590546411258, guid: 5a9a20a8f6411584885875b25331fc98,
        type: 3}
      propertyPath: m_LocalPosition.x
      value: 0
      objectReference: {fileID: 0}
    - target: {fileID: 6046086590546411258, guid: 5a9a20a8f6411584885875b25331fc98,
        type: 3}
      propertyPath: m_LocalPosition.y
      value: 0
      objectReference: {fileID: 0}
    - target: {fileID: 6046086590546411258, guid: 5a9a20a8f6411584885875b25331fc98,
        type: 3}
      propertyPath: m_LocalPosition.z
      value: 0
      objectReference: {fileID: 0}
    - target: {fileID: 6046086590546411258, guid: 5a9a20a8f6411584885875b25331fc98,
        type: 3}
      propertyPath: m_LocalRotation.x
      value: 0
      objectReference: {fileID: 0}
    - target: {fileID: 6046086590546411258, guid: 5a9a20a8f6411584885875b25331fc98,
        type: 3}
      propertyPath: m_LocalRotation.y
      value: 0
      objectReference: {fileID: 0}
    - target: {fileID: 6046086590546411258, guid: 5a9a20a8f6411584885875b25331fc98,
        type: 3}
      propertyPath: m_LocalRotation.z
      value: 0
      objectReference: {fileID: 0}
    - target: {fileID: 6046086590546411258, guid: 5a9a20a8f6411584885875b25331fc98,
        type: 3}
      propertyPath: m_LocalRotation.w
      value: 1
      objectReference: {fileID: 0}
    - target: {fileID: 6046086590546411258, guid: 5a9a20a8f6411584885875b25331fc98,
        type: 3}
      propertyPath: m_RootOrder
      value: 0
      objectReference: {fileID: 0}
    - target: {fileID: 6046086590546411258, guid: 5a9a20a8f6411584885875b25331fc98,
        type: 3}
      propertyPath: m_LocalEulerAnglesHint.x
      value: 0
      objectReference: {fileID: 0}
    - target: {fileID: 6046086590546411258, guid: 5a9a20a8f6411584885875b25331fc98,
        type: 3}
      propertyPath: m_LocalEulerAnglesHint.y
      value: 0
      objectReference: {fileID: 0}
    - target: {fileID: 6046086590546411258, guid: 5a9a20a8f6411584885875b25331fc98,
        type: 3}
      propertyPath: m_LocalEulerAnglesHint.z
      value: 0
      objectReference: {fileID: 0}
    m_RemovedComponents: []
  m_SourcePrefab: {fileID: 100100000, guid: 5a9a20a8f6411584885875b25331fc98, type: 3}
--- !u!4 &571820241254561965 stripped
Transform:
  m_CorrespondingSourceObject: {fileID: 6046086590546411258, guid: 5a9a20a8f6411584885875b25331fc98,
    type: 3}
  m_PrefabInstance: {fileID: 6054949797513545303}
  m_PrefabAsset: {fileID: 0}
--- !u!1001 &7733232281720232009
PrefabInstance:
  m_ObjectHideFlags: 0
  serializedVersion: 2
  m_Modification:
    m_TransformParent: {fileID: 5256710208522742914}
    m_Modifications:
    - target: {fileID: 5543208208330010323, guid: 8d5fa514d9a350e45b1b1ce2f7ee7ca2,
        type: 3}
      propertyPath: m_Name
      value: blue_tank_left_arm
      objectReference: {fileID: 0}
    - target: {fileID: 4065124178640456819, guid: 8d5fa514d9a350e45b1b1ce2f7ee7ca2,
        type: 3}
      propertyPath: m_LocalPosition.x
      value: 0
      objectReference: {fileID: 0}
    - target: {fileID: 4065124178640456819, guid: 8d5fa514d9a350e45b1b1ce2f7ee7ca2,
        type: 3}
      propertyPath: m_LocalPosition.y
      value: 0
      objectReference: {fileID: 0}
    - target: {fileID: 4065124178640456819, guid: 8d5fa514d9a350e45b1b1ce2f7ee7ca2,
        type: 3}
      propertyPath: m_LocalPosition.z
      value: 0
      objectReference: {fileID: 0}
    - target: {fileID: 4065124178640456819, guid: 8d5fa514d9a350e45b1b1ce2f7ee7ca2,
        type: 3}
      propertyPath: m_LocalRotation.x
      value: 0
      objectReference: {fileID: 0}
    - target: {fileID: 4065124178640456819, guid: 8d5fa514d9a350e45b1b1ce2f7ee7ca2,
        type: 3}
      propertyPath: m_LocalRotation.y
      value: 0
      objectReference: {fileID: 0}
    - target: {fileID: 4065124178640456819, guid: 8d5fa514d9a350e45b1b1ce2f7ee7ca2,
        type: 3}
      propertyPath: m_LocalRotation.z
      value: 0
      objectReference: {fileID: 0}
    - target: {fileID: 4065124178640456819, guid: 8d5fa514d9a350e45b1b1ce2f7ee7ca2,
        type: 3}
      propertyPath: m_LocalRotation.w
      value: 1
      objectReference: {fileID: 0}
    - target: {fileID: 4065124178640456819, guid: 8d5fa514d9a350e45b1b1ce2f7ee7ca2,
        type: 3}
      propertyPath: m_RootOrder
      value: 3
      objectReference: {fileID: 0}
    - target: {fileID: 4065124178640456819, guid: 8d5fa514d9a350e45b1b1ce2f7ee7ca2,
        type: 3}
      propertyPath: m_LocalEulerAnglesHint.x
      value: 0
      objectReference: {fileID: 0}
    - target: {fileID: 4065124178640456819, guid: 8d5fa514d9a350e45b1b1ce2f7ee7ca2,
        type: 3}
      propertyPath: m_LocalEulerAnglesHint.y
      value: 0
      objectReference: {fileID: 0}
    - target: {fileID: 4065124178640456819, guid: 8d5fa514d9a350e45b1b1ce2f7ee7ca2,
        type: 3}
      propertyPath: m_LocalEulerAnglesHint.z
      value: 0
      objectReference: {fileID: 0}
    - target: {fileID: 3210580468305893912, guid: 8d5fa514d9a350e45b1b1ce2f7ee7ca2,
        type: 3}
      propertyPath: SortingLayer
      value: LeftArm
      objectReference: {fileID: 0}
    - target: {fileID: 1780304826344757341, guid: 8d5fa514d9a350e45b1b1ce2f7ee7ca2,
        type: 3}
      propertyPath: m_LocalRotation.x
      value: 0
      objectReference: {fileID: 0}
    - target: {fileID: 1780304826344757341, guid: 8d5fa514d9a350e45b1b1ce2f7ee7ca2,
        type: 3}
      propertyPath: m_LocalRotation.y
      value: 0
      objectReference: {fileID: 0}
    - target: {fileID: 1780304826344757341, guid: 8d5fa514d9a350e45b1b1ce2f7ee7ca2,
        type: 3}
      propertyPath: m_LocalRotation.z
      value: 0.70767015
      objectReference: {fileID: 0}
    - target: {fileID: 1780304826344757341, guid: 8d5fa514d9a350e45b1b1ce2f7ee7ca2,
        type: 3}
      propertyPath: m_LocalRotation.w
      value: 0.70654297
      objectReference: {fileID: 0}
    - target: {fileID: 1780304826344757341, guid: 8d5fa514d9a350e45b1b1ce2f7ee7ca2,
        type: 3}
      propertyPath: m_LocalPosition.x
      value: 8.199663
      objectReference: {fileID: 0}
    - target: {fileID: 1780304826344757341, guid: 8d5fa514d9a350e45b1b1ce2f7ee7ca2,
        type: 3}
      propertyPath: m_LocalPosition.y
      value: -1.2875519
      objectReference: {fileID: 0}
    - target: {fileID: 5809106554015022624, guid: 8d5fa514d9a350e45b1b1ce2f7ee7ca2,
        type: 3}
      propertyPath: m_LocalRotation.x
      value: 0
      objectReference: {fileID: 0}
    - target: {fileID: 5809106554015022624, guid: 8d5fa514d9a350e45b1b1ce2f7ee7ca2,
        type: 3}
      propertyPath: m_LocalRotation.y
      value: 0
      objectReference: {fileID: 0}
    - target: {fileID: 5809106554015022624, guid: 8d5fa514d9a350e45b1b1ce2f7ee7ca2,
        type: 3}
      propertyPath: m_LocalRotation.z
      value: 0.015866958
      objectReference: {fileID: 0}
    - target: {fileID: 5809106554015022624, guid: 8d5fa514d9a350e45b1b1ce2f7ee7ca2,
        type: 3}
      propertyPath: m_LocalRotation.w
      value: -0.9998741
      objectReference: {fileID: 0}
    - target: {fileID: 5809106554015022624, guid: 8d5fa514d9a350e45b1b1ce2f7ee7ca2,
        type: 3}
      propertyPath: m_LocalPosition.x
      value: 8.242424
      objectReference: {fileID: 0}
    - target: {fileID: 5809106554015022624, guid: 8d5fa514d9a350e45b1b1ce2f7ee7ca2,
        type: 3}
      propertyPath: m_LocalPosition.y
      value: 1.9999993
      objectReference: {fileID: 0}
    - target: {fileID: 121054844924528015, guid: 8d5fa514d9a350e45b1b1ce2f7ee7ca2,
        type: 3}
      propertyPath: m_LocalRotation.x
      value: 0
      objectReference: {fileID: 0}
    - target: {fileID: 121054844924528015, guid: 8d5fa514d9a350e45b1b1ce2f7ee7ca2,
        type: 3}
      propertyPath: m_LocalRotation.y
      value: 0
      objectReference: {fileID: 0}
    - target: {fileID: 121054844924528015, guid: 8d5fa514d9a350e45b1b1ce2f7ee7ca2,
        type: 3}
      propertyPath: m_LocalRotation.z
      value: 0.99980336
      objectReference: {fileID: 0}
    - target: {fileID: 121054844924528015, guid: 8d5fa514d9a350e45b1b1ce2f7ee7ca2,
        type: 3}
      propertyPath: m_LocalRotation.w
      value: 0.019830791
      objectReference: {fileID: 0}
    - target: {fileID: 121054844924528015, guid: 8d5fa514d9a350e45b1b1ce2f7ee7ca2,
        type: 3}
      propertyPath: m_LocalPosition.x
      value: 5.0032854
      objectReference: {fileID: 0}
    - target: {fileID: 121054844924528015, guid: 8d5fa514d9a350e45b1b1ce2f7ee7ca2,
        type: 3}
      propertyPath: m_LocalPosition.y
      value: 2.1087015
      objectReference: {fileID: 0}
    - target: {fileID: 6895383867756095055, guid: 8d5fa514d9a350e45b1b1ce2f7ee7ca2,
        type: 3}
      propertyPath: m_Sprite
      value: 
      objectReference: {fileID: 21300000, guid: eb6da886b2fc7b247b94fcce866b8e47,
        type: 3}
    - target: {fileID: 6895383867756095055, guid: 8d5fa514d9a350e45b1b1ce2f7ee7ca2,
        type: 3}
      propertyPath: m_Size.x
      value: 4.98
      objectReference: {fileID: 0}
    - target: {fileID: 6895383867756095055, guid: 8d5fa514d9a350e45b1b1ce2f7ee7ca2,
        type: 3}
      propertyPath: m_Size.y
      value: 1.89
      objectReference: {fileID: 0}
    - target: {fileID: 6895383867756095055, guid: 8d5fa514d9a350e45b1b1ce2f7ee7ca2,
        type: 3}
      propertyPath: m_WasSpriteAssigned
      value: 1
      objectReference: {fileID: 0}
    - target: {fileID: 5241507005376896984, guid: 8d5fa514d9a350e45b1b1ce2f7ee7ca2,
        type: 3}
      propertyPath: m_SortingOrder
      value: 1
      objectReference: {fileID: 0}
    - target: {fileID: 5241507005376896984, guid: 8d5fa514d9a350e45b1b1ce2f7ee7ca2,
        type: 3}
      propertyPath: m_Sprite
      value: 
      objectReference: {fileID: 21300000, guid: 94fd30d6f7c20414b9eb10ae8d0c0087,
        type: 3}
    - target: {fileID: 5241507005376896984, guid: 8d5fa514d9a350e45b1b1ce2f7ee7ca2,
        type: 3}
      propertyPath: m_Size.x
      value: 2.76
      objectReference: {fileID: 0}
    - target: {fileID: 5241507005376896984, guid: 8d5fa514d9a350e45b1b1ce2f7ee7ca2,
        type: 3}
      propertyPath: m_Size.y
      value: 2.47
      objectReference: {fileID: 0}
    - target: {fileID: 5241507005376896984, guid: 8d5fa514d9a350e45b1b1ce2f7ee7ca2,
        type: 3}
      propertyPath: m_WasSpriteAssigned
      value: 1
      objectReference: {fileID: 0}
    - target: {fileID: 5815671580819376947, guid: 8d5fa514d9a350e45b1b1ce2f7ee7ca2,
        type: 3}
      propertyPath: m_SortingOrder
      value: 2
      objectReference: {fileID: 0}
    - target: {fileID: 5815671580819376947, guid: 8d5fa514d9a350e45b1b1ce2f7ee7ca2,
        type: 3}
      propertyPath: m_Sprite
      value: 
      objectReference: {fileID: 21300000, guid: eb6da886b2fc7b247b94fcce866b8e47,
        type: 3}
    - target: {fileID: 5815671580819376947, guid: 8d5fa514d9a350e45b1b1ce2f7ee7ca2,
        type: 3}
      propertyPath: m_Size.x
      value: 4.98
      objectReference: {fileID: 0}
    - target: {fileID: 5815671580819376947, guid: 8d5fa514d9a350e45b1b1ce2f7ee7ca2,
        type: 3}
      propertyPath: m_Size.y
      value: 1.89
      objectReference: {fileID: 0}
    - target: {fileID: 5815671580819376947, guid: 8d5fa514d9a350e45b1b1ce2f7ee7ca2,
        type: 3}
      propertyPath: m_WasSpriteAssigned
      value: 1
      objectReference: {fileID: 0}
    m_RemovedComponents: []
  m_SourcePrefab: {fileID: 100100000, guid: 8d5fa514d9a350e45b1b1ce2f7ee7ca2, type: 3}
--- !u!4 &5997612929014551610 stripped
Transform:
  m_CorrespondingSourceObject: {fileID: 4065124178640456819, guid: 8d5fa514d9a350e45b1b1ce2f7ee7ca2,
    type: 3}
  m_PrefabInstance: {fileID: 7733232281720232009}
  m_PrefabAsset: {fileID: 0}
--- !u!1001 &8511122696211679687
PrefabInstance:
  m_ObjectHideFlags: 0
  serializedVersion: 2
  m_Modification:
    m_TransformParent: {fileID: 5256710208522742914}
    m_Modifications:
    - target: {fileID: 7938327113670661644, guid: 2bc1887bda7e6d844a88cd203a15bb31,
        type: 3}
      propertyPath: m_Name
      value: blue_tank_fists
      objectReference: {fileID: 0}
    - target: {fileID: 5170913154577504579, guid: 2bc1887bda7e6d844a88cd203a15bb31,
        type: 3}
      propertyPath: m_LocalPosition.x
      value: 0
      objectReference: {fileID: 0}
    - target: {fileID: 5170913154577504579, guid: 2bc1887bda7e6d844a88cd203a15bb31,
        type: 3}
      propertyPath: m_LocalPosition.y
      value: 0
      objectReference: {fileID: 0}
    - target: {fileID: 5170913154577504579, guid: 2bc1887bda7e6d844a88cd203a15bb31,
        type: 3}
      propertyPath: m_LocalPosition.z
      value: 0
      objectReference: {fileID: 0}
    - target: {fileID: 5170913154577504579, guid: 2bc1887bda7e6d844a88cd203a15bb31,
        type: 3}
      propertyPath: m_LocalRotation.x
      value: 0
      objectReference: {fileID: 0}
    - target: {fileID: 5170913154577504579, guid: 2bc1887bda7e6d844a88cd203a15bb31,
        type: 3}
      propertyPath: m_LocalRotation.y
      value: 0
      objectReference: {fileID: 0}
    - target: {fileID: 5170913154577504579, guid: 2bc1887bda7e6d844a88cd203a15bb31,
        type: 3}
      propertyPath: m_LocalRotation.z
      value: 0
      objectReference: {fileID: 0}
    - target: {fileID: 5170913154577504579, guid: 2bc1887bda7e6d844a88cd203a15bb31,
        type: 3}
      propertyPath: m_LocalRotation.w
      value: 1
      objectReference: {fileID: 0}
    - target: {fileID: 5170913154577504579, guid: 2bc1887bda7e6d844a88cd203a15bb31,
        type: 3}
      propertyPath: m_RootOrder
      value: 2
      objectReference: {fileID: 0}
    - target: {fileID: 5170913154577504579, guid: 2bc1887bda7e6d844a88cd203a15bb31,
        type: 3}
      propertyPath: m_LocalEulerAnglesHint.x
      value: 0
      objectReference: {fileID: 0}
    - target: {fileID: 5170913154577504579, guid: 2bc1887bda7e6d844a88cd203a15bb31,
        type: 3}
      propertyPath: m_LocalEulerAnglesHint.y
      value: 0
      objectReference: {fileID: 0}
    - target: {fileID: 5170913154577504579, guid: 2bc1887bda7e6d844a88cd203a15bb31,
        type: 3}
      propertyPath: m_LocalEulerAnglesHint.z
      value: 0
      objectReference: {fileID: 0}
    - target: {fileID: 3800866481523098112, guid: 2bc1887bda7e6d844a88cd203a15bb31,
        type: 3}
      propertyPath: SortingLayer
      value: Fists
      objectReference: {fileID: 0}
    - target: {fileID: 6682141333268725983, guid: 2bc1887bda7e6d844a88cd203a15bb31,
        type: 3}
      propertyPath: m_LocalRotation.x
      value: 0
      objectReference: {fileID: 0}
    - target: {fileID: 6682141333268725983, guid: 2bc1887bda7e6d844a88cd203a15bb31,
        type: 3}
      propertyPath: m_LocalRotation.y
      value: 0
      objectReference: {fileID: 0}
    - target: {fileID: 6682141333268725983, guid: 2bc1887bda7e6d844a88cd203a15bb31,
        type: 3}
      propertyPath: m_LocalRotation.z
      value: 0.008107963
      objectReference: {fileID: 0}
    - target: {fileID: 6682141333268725983, guid: 2bc1887bda7e6d844a88cd203a15bb31,
        type: 3}
      propertyPath: m_LocalRotation.w
      value: -0.99996716
      objectReference: {fileID: 0}
    - target: {fileID: 6682141333268725983, guid: 2bc1887bda7e6d844a88cd203a15bb31,
        type: 3}
      propertyPath: m_LocalPosition.x
      value: 8.175024
      objectReference: {fileID: 0}
    - target: {fileID: 6682141333268725983, guid: 2bc1887bda7e6d844a88cd203a15bb31,
        type: 3}
      propertyPath: m_LocalPosition.y
      value: -3.50766
      objectReference: {fileID: 0}
    - target: {fileID: 407761229140186280, guid: 2bc1887bda7e6d844a88cd203a15bb31,
        type: 3}
      propertyPath: m_LocalRotation.x
      value: 0
      objectReference: {fileID: 0}
    - target: {fileID: 407761229140186280, guid: 2bc1887bda7e6d844a88cd203a15bb31,
        type: 3}
      propertyPath: m_LocalRotation.y
      value: 0
      objectReference: {fileID: 0}
    - target: {fileID: 407761229140186280, guid: 2bc1887bda7e6d844a88cd203a15bb31,
        type: 3}
      propertyPath: m_LocalRotation.z
      value: 0.0034014238
      objectReference: {fileID: 0}
    - target: {fileID: 407761229140186280, guid: 2bc1887bda7e6d844a88cd203a15bb31,
        type: 3}
      propertyPath: m_LocalRotation.w
      value: -0.9999942
      objectReference: {fileID: 0}
    - target: {fileID: 407761229140186280, guid: 2bc1887bda7e6d844a88cd203a15bb31,
        type: 3}
      propertyPath: m_LocalPosition.x
      value: -8.087216
      objectReference: {fileID: 0}
    - target: {fileID: 407761229140186280, guid: 2bc1887bda7e6d844a88cd203a15bb31,
        type: 3}
      propertyPath: m_LocalPosition.y
      value: -3.2263598
      objectReference: {fileID: 0}
    - target: {fileID: 5741573376460504386, guid: 2bc1887bda7e6d844a88cd203a15bb31,
        type: 3}
      propertyPath: m_LocalPosition.y
      value: -1.53
      objectReference: {fileID: 0}
    - target: {fileID: 177173014149682072, guid: 2bc1887bda7e6d844a88cd203a15bb31,
        type: 3}
      propertyPath: m_LocalPosition.x
      value: -0.00000012010337
      objectReference: {fileID: 0}
    - target: {fileID: 177173014149682072, guid: 2bc1887bda7e6d844a88cd203a15bb31,
        type: 3}
      propertyPath: m_LocalPosition.y
      value: -1.53
      objectReference: {fileID: 0}
    - target: {fileID: 8652355368081261111, guid: 2bc1887bda7e6d844a88cd203a15bb31,
        type: 3}
      propertyPath: m_SortingOrder
      value: 1
      objectReference: {fileID: 0}
    - target: {fileID: 8652355368081261111, guid: 2bc1887bda7e6d844a88cd203a15bb31,
        type: 3}
      propertyPath: m_Sprite
      value: 
      objectReference: {fileID: 21300000, guid: d410258e69d308a43bda6297065c6301,
        type: 3}
    - target: {fileID: 8652355368081261111, guid: 2bc1887bda7e6d844a88cd203a15bb31,
        type: 3}
      propertyPath: m_Size.x
      value: 4.03
      objectReference: {fileID: 0}
    - target: {fileID: 8652355368081261111, guid: 2bc1887bda7e6d844a88cd203a15bb31,
        type: 3}
      propertyPath: m_Size.y
      value: 3.06
      objectReference: {fileID: 0}
    - target: {fileID: 8652355368081261111, guid: 2bc1887bda7e6d844a88cd203a15bb31,
        type: 3}
      propertyPath: m_WasSpriteAssigned
      value: 1
      objectReference: {fileID: 0}
    - target: {fileID: 6928119843629474306, guid: 2bc1887bda7e6d844a88cd203a15bb31,
        type: 3}
      propertyPath: m_Sprite
      value: 
      objectReference: {fileID: 21300000, guid: 21292d31a7c4e434caa675c2c7b33387,
        type: 3}
    - target: {fileID: 6928119843629474306, guid: 2bc1887bda7e6d844a88cd203a15bb31,
        type: 3}
      propertyPath: m_Size.x
      value: 4.02
      objectReference: {fileID: 0}
    - target: {fileID: 6928119843629474306, guid: 2bc1887bda7e6d844a88cd203a15bb31,
        type: 3}
      propertyPath: m_Size.y
      value: 3.06
      objectReference: {fileID: 0}
    - target: {fileID: 6928119843629474306, guid: 2bc1887bda7e6d844a88cd203a15bb31,
        type: 3}
      propertyPath: m_WasSpriteAssigned
      value: 1
      objectReference: {fileID: 0}
    m_RemovedComponents: []
  m_SourcePrefab: {fileID: 100100000, guid: 2bc1887bda7e6d844a88cd203a15bb31, type: 3}
--- !u!4 &3593682156629184644 stripped
Transform:
  m_CorrespondingSourceObject: {fileID: 5170913154577504579, guid: 2bc1887bda7e6d844a88cd203a15bb31,
    type: 3}
  m_PrefabInstance: {fileID: 8511122696211679687}
  m_PrefabAsset: {fileID: 0}
--- !u!1001 &8727214211664571387
PrefabInstance:
  m_ObjectHideFlags: 0
  serializedVersion: 2
  m_Modification:
    m_TransformParent: {fileID: 5256710208522742914}
    m_Modifications:
    - target: {fileID: 4719759033900329717, guid: 4f9d4f3f84073ee45b5bba0e9f09766b,
        type: 3}
      propertyPath: m_Name
      value: blue_tank_right_arm
      objectReference: {fileID: 0}
    - target: {fileID: 4089411870659637457, guid: 4f9d4f3f84073ee45b5bba0e9f09766b,
        type: 3}
      propertyPath: m_LocalPosition.x
      value: 0
      objectReference: {fileID: 0}
    - target: {fileID: 4089411870659637457, guid: 4f9d4f3f84073ee45b5bba0e9f09766b,
        type: 3}
      propertyPath: m_LocalPosition.y
      value: 0
      objectReference: {fileID: 0}
    - target: {fileID: 4089411870659637457, guid: 4f9d4f3f84073ee45b5bba0e9f09766b,
        type: 3}
      propertyPath: m_LocalPosition.z
      value: 0
      objectReference: {fileID: 0}
    - target: {fileID: 4089411870659637457, guid: 4f9d4f3f84073ee45b5bba0e9f09766b,
        type: 3}
      propertyPath: m_LocalRotation.x
      value: 0
      objectReference: {fileID: 0}
    - target: {fileID: 4089411870659637457, guid: 4f9d4f3f84073ee45b5bba0e9f09766b,
        type: 3}
      propertyPath: m_LocalRotation.y
      value: 0
      objectReference: {fileID: 0}
    - target: {fileID: 4089411870659637457, guid: 4f9d4f3f84073ee45b5bba0e9f09766b,
        type: 3}
      propertyPath: m_LocalRotation.z
      value: 0
      objectReference: {fileID: 0}
    - target: {fileID: 4089411870659637457, guid: 4f9d4f3f84073ee45b5bba0e9f09766b,
        type: 3}
      propertyPath: m_LocalRotation.w
      value: 1
      objectReference: {fileID: 0}
    - target: {fileID: 4089411870659637457, guid: 4f9d4f3f84073ee45b5bba0e9f09766b,
        type: 3}
      propertyPath: m_RootOrder
      value: 5
      objectReference: {fileID: 0}
    - target: {fileID: 4089411870659637457, guid: 4f9d4f3f84073ee45b5bba0e9f09766b,
        type: 3}
      propertyPath: m_LocalEulerAnglesHint.x
      value: 0
      objectReference: {fileID: 0}
    - target: {fileID: 4089411870659637457, guid: 4f9d4f3f84073ee45b5bba0e9f09766b,
        type: 3}
      propertyPath: m_LocalEulerAnglesHint.y
      value: 0
      objectReference: {fileID: 0}
    - target: {fileID: 4089411870659637457, guid: 4f9d4f3f84073ee45b5bba0e9f09766b,
        type: 3}
      propertyPath: m_LocalEulerAnglesHint.z
      value: 0
      objectReference: {fileID: 0}
    - target: {fileID: 4337329290501245235, guid: 4f9d4f3f84073ee45b5bba0e9f09766b,
        type: 3}
      propertyPath: SortingLayer
      value: RightArm_it
      objectReference: {fileID: 0}
    - target: {fileID: 5183991236681811134, guid: 4f9d4f3f84073ee45b5bba0e9f09766b,
        type: 3}
      propertyPath: m_LocalRotation.x
      value: 0
      objectReference: {fileID: 0}
    - target: {fileID: 5183991236681811134, guid: 4f9d4f3f84073ee45b5bba0e9f09766b,
        type: 3}
      propertyPath: m_LocalRotation.y
      value: 0
      objectReference: {fileID: 0}
    - target: {fileID: 5183991236681811134, guid: 4f9d4f3f84073ee45b5bba0e9f09766b,
        type: 3}
      propertyPath: m_LocalRotation.z
      value: 0
      objectReference: {fileID: 0}
    - target: {fileID: 5183991236681811134, guid: 4f9d4f3f84073ee45b5bba0e9f09766b,
        type: 3}
      propertyPath: m_LocalPosition.x
      value: -4.909385
      objectReference: {fileID: 0}
    - target: {fileID: 5183991236681811134, guid: 4f9d4f3f84073ee45b5bba0e9f09766b,
        type: 3}
      propertyPath: m_LocalPosition.y
      value: 2.3531687
      objectReference: {fileID: 0}
    - target: {fileID: 3436823097979488406, guid: 4f9d4f3f84073ee45b5bba0e9f09766b,
        type: 3}
      propertyPath: m_LocalRotation.x
      value: 0
      objectReference: {fileID: 0}
    - target: {fileID: 3436823097979488406, guid: 4f9d4f3f84073ee45b5bba0e9f09766b,
        type: 3}
      propertyPath: m_LocalRotation.y
      value: 0
      objectReference: {fileID: 0}
    - target: {fileID: 3436823097979488406, guid: 4f9d4f3f84073ee45b5bba0e9f09766b,
        type: 3}
      propertyPath: m_LocalRotation.z
      value: 0.70125735
      objectReference: {fileID: 0}
    - target: {fileID: 3436823097979488406, guid: 4f9d4f3f84073ee45b5bba0e9f09766b,
        type: 3}
      propertyPath: m_LocalRotation.w
      value: 0.7129082
      objectReference: {fileID: 0}
    - target: {fileID: 3436823097979488406, guid: 4f9d4f3f84073ee45b5bba0e9f09766b,
        type: 3}
      propertyPath: m_LocalPosition.x
      value: -8.060254
      objectReference: {fileID: 0}
    - target: {fileID: 3436823097979488406, guid: 4f9d4f3f84073ee45b5bba0e9f09766b,
        type: 3}
      propertyPath: m_LocalPosition.y
      value: -1.0697069
      objectReference: {fileID: 0}
    - target: {fileID: 4252170068948311988, guid: 4f9d4f3f84073ee45b5bba0e9f09766b,
        type: 3}
      propertyPath: m_LocalRotation.x
      value: 0
      objectReference: {fileID: 0}
    - target: {fileID: 4252170068948311988, guid: 4f9d4f3f84073ee45b5bba0e9f09766b,
        type: 3}
      propertyPath: m_LocalRotation.y
      value: 0
      objectReference: {fileID: 0}
    - target: {fileID: 4252170068948311988, guid: 4f9d4f3f84073ee45b5bba0e9f09766b,
        type: 3}
      propertyPath: m_LocalRotation.z
      value: 0
      objectReference: {fileID: 0}
    - target: {fileID: 4252170068948311988, guid: 4f9d4f3f84073ee45b5bba0e9f09766b,
        type: 3}
      propertyPath: m_LocalPosition.x
      value: -8.053535
      objectReference: {fileID: 0}
    - target: {fileID: 4252170068948311988, guid: 4f9d4f3f84073ee45b5bba0e9f09766b,
        type: 3}
      propertyPath: m_LocalPosition.y
      value: 2.348148
      objectReference: {fileID: 0}
    - target: {fileID: 1806758678640432543, guid: 4f9d4f3f84073ee45b5bba0e9f09766b,
        type: 3}
      propertyPath: m_SortingOrder
      value: 1
      objectReference: {fileID: 0}
    - target: {fileID: 1806758678640432543, guid: 4f9d4f3f84073ee45b5bba0e9f09766b,
        type: 3}
      propertyPath: m_Sprite
      value: 
      objectReference: {fileID: 21300000, guid: eb6da886b2fc7b247b94fcce866b8e47,
        type: 3}
    - target: {fileID: 1806758678640432543, guid: 4f9d4f3f84073ee45b5bba0e9f09766b,
        type: 3}
      propertyPath: m_Size.x
      value: 4.98
      objectReference: {fileID: 0}
    - target: {fileID: 1806758678640432543, guid: 4f9d4f3f84073ee45b5bba0e9f09766b,
        type: 3}
      propertyPath: m_Size.y
      value: 1.89
      objectReference: {fileID: 0}
    - target: {fileID: 1806758678640432543, guid: 4f9d4f3f84073ee45b5bba0e9f09766b,
        type: 3}
      propertyPath: m_WasSpriteAssigned
      value: 1
      objectReference: {fileID: 0}
    - target: {fileID: 3351025494415415183, guid: 4f9d4f3f84073ee45b5bba0e9f09766b,
        type: 3}
      propertyPath: m_SortingOrder
      value: 2
      objectReference: {fileID: 0}
    - target: {fileID: 3351025494415415183, guid: 4f9d4f3f84073ee45b5bba0e9f09766b,
        type: 3}
      propertyPath: m_Sprite
      value: 
      objectReference: {fileID: 21300000, guid: 94fd30d6f7c20414b9eb10ae8d0c0087,
        type: 3}
    - target: {fileID: 3351025494415415183, guid: 4f9d4f3f84073ee45b5bba0e9f09766b,
        type: 3}
      propertyPath: m_Size.x
      value: 2.76
      objectReference: {fileID: 0}
    - target: {fileID: 3351025494415415183, guid: 4f9d4f3f84073ee45b5bba0e9f09766b,
        type: 3}
      propertyPath: m_Size.y
      value: 2.47
      objectReference: {fileID: 0}
    - target: {fileID: 3351025494415415183, guid: 4f9d4f3f84073ee45b5bba0e9f09766b,
        type: 3}
      propertyPath: m_WasSpriteAssigned
      value: 1
      objectReference: {fileID: 0}
    - target: {fileID: 7396734189258815152, guid: 4f9d4f3f84073ee45b5bba0e9f09766b,
        type: 3}
      propertyPath: m_Sprite
      value: 
      objectReference: {fileID: 21300000, guid: eb6da886b2fc7b247b94fcce866b8e47,
        type: 3}
    - target: {fileID: 7396734189258815152, guid: 4f9d4f3f84073ee45b5bba0e9f09766b,
        type: 3}
      propertyPath: m_Size.x
      value: 4.98
      objectReference: {fileID: 0}
    - target: {fileID: 7396734189258815152, guid: 4f9d4f3f84073ee45b5bba0e9f09766b,
        type: 3}
      propertyPath: m_Size.y
      value: 1.89
      objectReference: {fileID: 0}
    - target: {fileID: 7396734189258815152, guid: 4f9d4f3f84073ee45b5bba0e9f09766b,
        type: 3}
      propertyPath: m_WasSpriteAssigned
      value: 1
      objectReference: {fileID: 0}
    m_RemovedComponents: []
  m_SourcePrefab: {fileID: 100100000, guid: 4f9d4f3f84073ee45b5bba0e9f09766b, type: 3}
--- !u!4 &4746171100490046250 stripped
Transform:
  m_CorrespondingSourceObject: {fileID: 4089411870659637457, guid: 4f9d4f3f84073ee45b5bba0e9f09766b,
    type: 3}
  m_PrefabInstance: {fileID: 8727214211664571387}
  m_PrefabAsset: {fileID: 0}
--- !u!1001 &9172397949561480781
PrefabInstance:
  m_ObjectHideFlags: 0
  serializedVersion: 2
  m_Modification:
    m_TransformParent: {fileID: 5256710208522742914}
    m_Modifications:
    - target: {fileID: 5053890074405309756, guid: 35c72cab869ef4841a09c3db24d6ea77,
        type: 3}
      propertyPath: m_Name
      value: red_tank_weapon
      objectReference: {fileID: 0}
    - target: {fileID: 1785586707625960210, guid: 35c72cab869ef4841a09c3db24d6ea77,
        type: 3}
      propertyPath: m_LocalPosition.x
      value: 0
      objectReference: {fileID: 0}
    - target: {fileID: 1785586707625960210, guid: 35c72cab869ef4841a09c3db24d6ea77,
        type: 3}
      propertyPath: m_LocalPosition.y
      value: 0
      objectReference: {fileID: 0}
    - target: {fileID: 1785586707625960210, guid: 35c72cab869ef4841a09c3db24d6ea77,
        type: 3}
      propertyPath: m_LocalPosition.z
      value: 0
      objectReference: {fileID: 0}
    - target: {fileID: 1785586707625960210, guid: 35c72cab869ef4841a09c3db24d6ea77,
        type: 3}
      propertyPath: m_LocalRotation.x
      value: 0
      objectReference: {fileID: 0}
    - target: {fileID: 1785586707625960210, guid: 35c72cab869ef4841a09c3db24d6ea77,
        type: 3}
      propertyPath: m_LocalRotation.y
      value: 0
      objectReference: {fileID: 0}
    - target: {fileID: 1785586707625960210, guid: 35c72cab869ef4841a09c3db24d6ea77,
        type: 3}
      propertyPath: m_LocalRotation.z
      value: 0
      objectReference: {fileID: 0}
    - target: {fileID: 1785586707625960210, guid: 35c72cab869ef4841a09c3db24d6ea77,
        type: 3}
      propertyPath: m_LocalRotation.w
      value: 1
      objectReference: {fileID: 0}
    - target: {fileID: 1785586707625960210, guid: 35c72cab869ef4841a09c3db24d6ea77,
        type: 3}
      propertyPath: m_RootOrder
      value: 6
      objectReference: {fileID: 0}
    - target: {fileID: 1785586707625960210, guid: 35c72cab869ef4841a09c3db24d6ea77,
        type: 3}
      propertyPath: m_LocalEulerAnglesHint.x
      value: 0
      objectReference: {fileID: 0}
    - target: {fileID: 1785586707625960210, guid: 35c72cab869ef4841a09c3db24d6ea77,
        type: 3}
      propertyPath: m_LocalEulerAnglesHint.y
      value: 0
      objectReference: {fileID: 0}
    - target: {fileID: 1785586707625960210, guid: 35c72cab869ef4841a09c3db24d6ea77,
        type: 3}
      propertyPath: m_LocalEulerAnglesHint.z
      value: 0
      objectReference: {fileID: 0}
    m_RemovedComponents: []
  m_SourcePrefab: {fileID: 100100000, guid: 35c72cab869ef4841a09c3db24d6ea77, type: 3}
--- !u!4 &7461702552771773791 stripped
Transform:
  m_CorrespondingSourceObject: {fileID: 1785586707625960210, guid: 35c72cab869ef4841a09c3db24d6ea77,
    type: 3}
  m_PrefabInstance: {fileID: 9172397949561480781}
  m_PrefabAsset: {fileID: 0}
